3510 5386
709 345 917 413 ..17-

228 541 294 631 22.
322 551 429 643 Lapis
448 551 618 624 caldarius
638 552 804 642 oblongus
821 557 931 643 prope
948 554 1064 626 vicum
1076 554 1211 627 ‘Multae
1231 557 1334 629 inter
1352 558 1455 631 Oaro-

170 671 314 763 pobcaso
337 678 374 745 et
391 671 696 745 Pietraoooaduotc
715 695 808 745 anno
827 676 928 746 1868
954 675 1116 749 inventus
1142 670 1340 752 etiamnunc
1362 681 1455 754 iacet

176 797 212 867 in
230 793 336 868 fundo
354 795 495 869 Borouc
515 795 642 868 eccela·
660 796 752 869 della
770 798 873 870 Pecto
900 799 992 888 apud
1015 800 1180 872 sacellum
1199 801 1235 874 S.
1256 803 1380 876 Mario
1395 805 1455 878 'dcl

174 918 297 1010 Pione,
326 921 363 989 in
382 940 450 1009 quc
467 920 563 1009 prius
582 918 703 991 altaris
723 941 864 992 munere
883 919 1021 993 iunctus
1040 928 1105 995 est.
1134 923 1257 1015 longus
1279 930 1450 1017 m.s·1,73.

174 1042 264 1112 altus
282 1063 328 1115 m.
351 1045 440 1132 0‚53
461 1042 636 1135 (Cartha).
656 1044 798 1115 litterae
816 1045 908 1116 altae
927 1066 972 1116 m.
997 1049 1126 1136 0,043.

457 1229 525 1314 on.
543 1229 695 1313 hedos.
715 1229 782 1314 bn.
801 1230 986 1314 meddiss.
1005 1233 1161 1335 prdded

175 1372 334 1457 Burmus
356 1372 435 1477 (vel
458 1375 652 1472 Boudroe)
680 1374 841 1578 Bctcicgca
863 1375 1021 1578 {aanor
1046 1378 1227 1480 (Borma'c‘)
1244 1381 1285 1488 f.
1304 1381 1454 1506 mcddc'c

674 1566 682 1578 .
721 1523 793 1604 pro
816 1524 905 1581 aar.
1151 1520 1152 1523 ‘

225 1701 311 1773 Tab.
332 1700 418 1772 Vn.
444 1702 459 1769 1
484 1698 528 1770 ad
546 1700 709 1790 lapidem.
740 1699 863 1772 Edidit
890 1721 933 1772 ex
962 1701 1162 1795 apographo
1190 1706 1226 1772 et
1255 1708 1379 1792 ectypo
1407 1703 1450 1774 ab
1601 1750 1606 1759 -

175 1823 316 1897 Alfonso
344 1845 363 1895 e
390 1823 535 1894 Niccola
562 1821 597 1893 di
625 1824 724 1895 Jorio
751 1825 868 1896 missis
895 1826 939 1896 A.
971 1825 1130 1898 Garaba
1159 1823 1277 1896 Giorn.
1304 1827 1398 1896 soavi
1417 1826 1452 1897 di

172 1949 291 2038 Pomp.
317 1971 351 2018 n.
373 1969 402 2019 s.
428 1947 445 2017 Ι
468 1968 502 2036 p.
525 1949 624 2019 209.
646 1946 714 2035 Qui
733 1949 825 2039 quod
845 1948 943 2020 addit
961 1947 1015 2020 sul
1034 1947 1102 2019 luto
1120 1947 1260 2037 opicae
1278 1948 1451 2038 superiore
1487 1982 1503 2003 ·

172 2070 368 2160 detractor,
393 2069 554 2178 alquanto
572 2090 668 2141 cerae
687 2070 842 2161 cimorra,
871 2070 915 2141 ha
933 2070 1120 2141 caducaeo
1139 2091 1162 2140 a
1178 2067 1286 2162 suppio
1303 2071 1341 2142 dc'
1358 2092 1449 2144 mor-

171 2193 241 2266 rato
269 2193 323 2266 dcl
350 2195 516 2268 diametro
535 2195 574 2266 da'
591 2195 724 2267 cratim.
746 2199 810 2288 12,
839 2218 856 2267 c
883 2194 974 2267 della
996 2179 1198 2286 profundite
1220 2195 1258 2266 da'
1279 2195 1364 2270 mill.
1389 2199 1450 2288 95,

171 2336 333 2387 veremur
352 2338 395 2388 ne
414 2318 481 2388 hoc
501 2318 543 2389 de
563 2323 663 2407 parte
683 2316 861 2408 inferiore,
891 2319 973 2407 quia
1000 2317 1088 2407 lapis
1106 2319 1267 2388 inversus
1286 2324 1351 2407 est,
1381 2319 1452 2391 dici

172 2439 379 2526 oportuerit.
412 2439 645 2529 Repetierunt
674 2440 856 2513 Corssen
885 2441 1058 2513 Zeitschr.
1093 2438 1117 2509 f.
1148 2440 1259 2529 vergi.
1289 2439 1448 2531 Sprachi.

171 2562 238 2632 XX
256 2583 290 2652 p.
307 2569 377 2634 111
396 2585 447 2653 sq.
465 2571 502 2636 et
515 2565 659 2654 Ephem.
682 2565 793 2655 epigr.
806 2565 841 2635 ΙΙ
860 2585 892 2654 p.
909 2567 982 2636 190
1003 2585 1036 2634 n.
1050 2566 1112 2652 83,
1133 2564 1320 2635 Fabretti
1338 2563 1448 2637 Prim.

172 2685 291 2777 Suppl.
313 2709 346 2760 n.
370 2690 457 2761 508.

224 2932 408 3021 Scriptura
426 2934 535 3043 rudis.
567 2934 762 3006 Dolendum
784 2940 850 3024 est,
880 2933 979 3023 quod·
1000 2933 1089 3024 lapis
1112 2934 1169 3007 hic
1188 2891 1449 3034 antiquissimus

170 3056 283 3127 adhuc
311 3058 374 3128 sub
394 3057 472 3129 divo
492 3057 584 3128 iacet
603 3057 763 3128 omnibus
786 3062 821 3128 et
840 3061 1087 3145 tempestatum
1106 3062 1142 3127 et
1159 3057 1338 3128 hominum
1356 3057 1449 3128 iniu-

170 3179 232 3249 riis
252 3178 433 3249 obnoxius.

221 3484 286 3570 23.
317 3477 388 3564 Sub
408 3493 499 3583 pede
517 3493 609 3564 vasis
630 3513 673 3563 ex
692 3493 817 3582 argilla
836 3492 937 3581 nigra
955 3490 1038 3562 facti
1062 3491 1195 3564 inventi
1214 3512 1331 3563 mense
1350 3493 1448 3564 Mar-

168 3616 219 3687 tio
239 3619 320 3687 anni
342 3619 441 3687 1855
468 3613 559 3686 aella
580 3614 761 3705 procincto
790 3614 828 3685 dc'
856 3612 982 3685 Mediae
1010 3611 1083 3685 ullu
1109 3612 1267 3684 castanea
1293 3614 1331 3684 di
1357 3615 1450 3686 circo

169 3735 286 3826 mipdc'o
312 3742 363 3807 tre
390 3759 413 3806 o
439 3736 655 3808 sedentriouc
683 3734 722 3805 dr·
749 3735 843 3826 Tiro,
872 3756 1020 3812 munuae.
1038 3736 1187 3808 distante
1213 3735 1304 3807 circa
1331 3736 1450 3828 mipdio

167 3859 254 3932 dicct
272 3860 319 3931 do
340 3859 576 3951 Oumpooaaso.
596 3858 799 3930 Minervini.

220 4225 340 4299 Edidit
358 4227 584 4299 Minervini
603 4227 698 4300 Bull.
719 4228 815 4300 arch.
836 4249 913 4318 nep.
935 4248 968 4298 n.
986 4248 1015 4300 s.
1031 4229 1083 4300 ΙΙΙ
1101 4249 1136 4319 p.
1155 4231 1243 4326 131,
1263 4225 1354 4298 unde
1374 4225 1448 4298 Fa·

166 4351 297 4423 bretti
318 4351 358 4424 O.
380 4352 408 4424 Ι.
429 4352 474 4422 It.
495 4373 528 4425 n.
551 4355 670 4424 2886:
693 4353 719 4422 8
742 4351 782 4442 Ξ,
807 4352 867 4441 qui
886 4352 976 4424 hane
994 4351 1260 4442 inscriptionem
1277 4352 1371 4423 inter
1388 4370 1448 4423 eas

168 4495 258 4566 qnae
276 4476 432 4547 incertae
451 4475 603 4566 regionis
619 4482 703 4549 sunt
714 4474 846 4566 posuit.
868 4474 938 4548 Ubi
953 4495 1043 4559 nunc
1057 4475 1104 4547 sit
1117 4474 1314 4565 ignoratur,
1334 4491 1447 4562 neque

166 4602 202 4671 in
220 4620 341 4672 museo
359 4598 588 4690 Neapolitano
607 4619 684 4672 eam
704 4599 950 4691 quaesivimus.

1216 4732 1234 4783 a
