3510 5386
847 326 1061 395 -138—

310 528 523 617 ‘strevkid'
548 540 611 623 62,
632 553 666 607 ιο
683 533 753 609 abl.
773 537 863 626 sing.
886 565 933 597 =
948 556 1044 605 curo.
1073 534 1224 623 Etpmon
1241 536 1427 622 cognatum
1444 535 1501 603 est
1518 550 1601 603 cum

420 661 482 732 lat.
500 680 649 733 serrare.
881 654 886 659 ’

310 773 478 871 ‘Xerses'
509 786 583 869 154
612 802 738 852 nomen
763 782 946 870 proprium
974 783 1205 854 mascnlinum
1231 783 1362 857 nomin.
1391 782 1480 870 sing.
1506 780 1601 853 decl.

426 910 515 978 3:
536 903 850 993 SestiuaSertius.
879 904 924 975 cl.
944 905 989 976 L.
1008 907 1240 978 Sestiaalffii
1260 905 1484 997 23839col.
1507 907 1545 994 3,
1565 922 1605 976 48

425 1033 463 1105 0
484 1032 592 1105 Sestro
612 1035 714 1103 2672
734 1023 906 1108 ο1.’Σε-’σ
929 1061 975 1092 =
929 1031 1060 1103 -.lat
1078 1052 1138 1101 sec
1140 1050 1345 1121 ,graec
1304 1018 1356 1106 ἕξ.

309 1148 400 1233 ‘bet'
433 1157 499 1247 Ag.
530 1156 597 1227 Αι
626 1157 686 1227 ΤΒ
704 1175 740 1227 ιο
767 1176 932 1244 praesens
959 1155 1140 1226 indicativi
1169 1159 1304 1244 3pers.
1325 1154 1483 1329 plum:
1504 1157 1602 1225 sanc.

425 1273 495 1354 ci.
499 1302 576 1353 sum
594 1301 721 1351 czum,

313 1393 428 1482 ‘oFou’
464 1407 538 1475 143
566 1403 840 1475 adverbium:
862 1402 923 1473 sic.
944 1396 1013 1475 cA‘
1018 1424 1079 1474 sva
1113 1384 1271 1494 inscript.
1292 1323 1472 1492 paelignae
1489 1401 1606 1492 expli·

425 1533 540 1599 catum
559 1549 581 1598 a
599 1526 814 1598 Buechelero
833 1527 957 1598 Rbein.
977 1525 1070 1598 Mus.
1096 1528 1196 1596 1878
1215 1546 1249 1615 p
1272 1528 1361 1597 282.

314 1640 437 1730 ‘svau'
460 1652 549 1723 TBc
569 1671 600 1723 ιι
621 1672 655 1723 ιι
676 1671 710 1721 ιο
731 1671 763 1721 ιι
783 1650 848 1721 bis.
867 1669 904 1720 ιο
921 1667 957 1720 ιο
975 1649 1041 1720 bis.
1062 1667 1097 1720 as
1114 1668 1151 1720 ιο
1172 1669 1207 1720 ιο
1224 1655 1349 1738 qnater
1367 1667 1402 1719 ιο
1414 1640 1533 1723 ‘suti'
1545 1647 1608 1720 Ab

426 1761 622 1877 41‘[svai]’
646 1772 702 1842 Ab
720 1790 757 1843 ιι
770 1764 886 1848 ‘svui'
909 1773 972 1860 50,
991 1791 1009 1842 4
1027 1792 1044 1843 s
1063 1772 1127 1843 bis.
1146 1791 1165 1842 ο
1185 1792 1219 1843 ιο
1238 1793 1270 1842 ιι
1294 1773 1490 1843 coniunctio
1517 1772 1606 1862 (loc.

427 1897 514 1987 sing.
535 1895 623 1968 decl.
648 1897 684 1985 2)
705 1925 753 1957 =
773 1895 817 1984 si,
838 1902 905 1965 vet.
925 1895 976 1965 sei
1004 1894 1083 1966 CIL
1112 1894 1129 1964 l
1151 1897 1199 1966 33
1223 1897 1310 1976 196,
1330 1913 1347 1965 ι
1366 1913 1402 1965 24
1420 1894 1466 1967 al.
1486 1893 1605 1968 umbr.

422 2010 526 2108 ‘sve’‚
546 2020 652 2091 volsc.
667 2009 741 2090 ‘se-‘
764 2008 897 2107 (sepis‘
922 2047 970 2079 =
990 2017 1125 2109 sigaeis).

315 2133 552 2222 ‘stertimus
584 2144 675 2215 Aba
703 2164 827 2215 nomen
859 2143 1113 2214 substantivum
1146 2140 1375 2212 masculinnm
1406 2139 1478 2211 dat.
1512 2140 1607 2230 sing.

427 2267 513 2340 decl.
539 2267 572 2340 l.

533 2459 547 2489 ο
563 2427 718 2493 sverrunel'
735 2437 939 2504 quasisurroni
948 2434 1029 2489 fieret
1039 2435 1134 2504 latine,
1144 2435 1218 2503 quod
1228 2435 1526 2502 cumconduplicatum
1535 2434 1608 2490 insit

533 2527 563 2580 in
576 2525 785 2593 susurronibus,
798 2540 894 2579 oscum
907 2524 1022 2578 verbum
1035 2522 1117 2578 facile
1141 2524 1262 2578 conicias
1285 2524 1336 2578 tali
1350 2522 1439 2578 officio
1454 2523 1608 2578 convenire

534 2614 616 2682 quale
640 2614 757 2668 Romani
780 2613 846 2666 olim
868 2613 985 2667 oratoris
1008 2612 1053 2666 rel
1075 2610 1179 2666 fetialis
1203 2612 1247 2666 vel
1269 2611 1360 2666 nuntii
1372 2610 1481 2679 publici
1493 2611 1608 2666 nominc

533 2700 734 2770 significabant.
749 2700 843 2754 Simile
858 2704 956 2754 sonant
965 2698 1132 2767 Surrentini,
1141 2700 1232 2754 simile
1242 2700 1325 2754 etiam
1338 2700 1386 2767 qni
1400 2699 1430 2753 in
1438 2699 1509 2753 cista
1518 2699 1607 2755 Prac-

534 2789 645 2844 nentina
658 2789 731 2842 inter
746 2789 836 2856 Leges
851 2794 879 2842 et
893 2789 1126 2856 Agamemnonem
1140 2795 1196 2842 stat
1209 2803 1275 2842 arae
1289 2787 1402 2842 innixus
1415 2789 1511 2842 hastas
1533 2787 1608 2844 duas

533 2883 631 2931 tenens
646 2876 770 2931 Soresios
784 2876 900 2945 (ephem.
914 2876 1002 2944 epigr.
1017 2876 1031 2928 Ι
1044 2890 1071 2943 p.
1088 2878 1163 2930 1311.
1180 2876 1230 2945 19).
1259 2875 1322 2930 Non
1345 2874 1400 2929 fuit
1423 2875 1607 2943 magistratus

535 2965 584 3018 ille
607 2964 753 3019 Abellanis
778 2964 944 3032 ordinarius,
968 2965 1096 3031 quoniam
1123 2964 1279 3019 Vestricius
1308 2970 1438 3031 quaestor
1464 2964 1550 3018 simul
1579 2971 1610 3020 et

527 3039 809 3120 ‘suerrum-dicitur,
832 3052 890 3106 siue
915 3052 986 3107 enim
1010 3053 1142 3106 maiorem
1164 3060 1314 3120 quaestura
1326 3057 1489 3120 potestatem
1503 3053 1607 3108 statui·

535 3156 606 3208 mus,
628 3140 716 3195 minor
738 3141 807 3195 haec
830 3155 884 3194 ιιοιι
907 3140 1004 3196 debuit
1022 3141 1237 3209 commemorari,
1251 3141 1308 3196 sive
1322 3156 1418 3208 parem
1431 3155 1545 3208 eamque
1559 3141 1608 3196 vel
1685 3136 1689 3142 “

535 3228 619 3284 certis
634 3228 741 3283 vicibus
756 3229 920 3284 alternatam
936 3230 1057 3297 aliquam
1071 3228 1242 3298 dignitatem,
1263 3245 1349 3284 unum
1358 3228 1496 3283 hominem
1508 3228 1609 3284 eodem

536 3323 657 3384 tempore
682 3316 750 3370 duos
774 3317 953 3384 magistratus
977 3317 1097 3385 gessisse
1111 3317 1173 3383 quis
1187 3317 1242 3371 sibi
1256 3316 1449 3385 persuadebit?
1460 3331 1558 3370 verum
1572 3333 1609 3373 ne

537 3411 617 3459 extra
631 3404 756 3459 ordinem
770 3404 881 3471 quidem
896 3404 987 3459 factus
997 3405 1196 3459 Abellanorum
1210 3405 1388 3473 magistratus
1402 3405 1470 3458 mihi
1484 3404 1546 3459 ideo
1565 3405 1607 3460 vi·

536 3491 625 3560 detur,
640 3491 712 3559 quod
722 3480 889 3561 ‘prupukid'
906 3508 955 3561 per
970 3508 1000 3547 se
1014 3492 1105 3560 legem
1119 3493 1229 3559 quidem
1243 3494 1385 3548 declarare
1399 3493 1491 3561 potuit
1508 3497 1608 3561 utpote

537 3579 643 3633 civibus
656 3579 763 3647 pridem
777 3585 886 3648 pactam
899 3585 927 3634 et
941 3580 1203 3635 constitutam-sed
1217 3582 1289 3635 enim
1304 3582 1365 3650 lege
1375 3580 1533 3649 praefectus
1543 3581 1608 3635 inu·

535 3667 594 3721 tilis
609 3673 652 3722 est
667 3674 749 3734 atque
763 3667 885 3722 insolens
899 3669 1035 3723 honorum
1047 3669 1311 3737 appendix-neque
1335 3685 1398 3723 vero
1421 3685 1476 3736 qua
1496 3669 1608 3725 ratione

537 3760 647 3810 creatus
662 3770 747 3823 quove
762 3756 822 3810 iure
838 3772 906 3812 cura
919 3756 1048 3812 mandata
1062 3757 1098 3811 sit
1112 3757 1226 3825 indicat,
1240 3758 1305 3824 quia
1319 3758 1397 3812 nulla
1411 3756 1541 3811 definitur
1557 3772 1609 3826 po·

536 3843 595 3912 puli
618 3849 666 3897 aut
690 3850 812 3913 senatus,
835 3846 918 3899 sortis
942 3850 991 3899 aut
1014 3845 1140 3913 suffragii
1160 3845 1306 3900 mentione.
1320 3846 1380 3913 Ego
1394 3845 1480 3913 igitur
1493 3844 1609 3899 titulum

538 3930 619 3983 illum
632 3931 742 3999 negotio
757 3932 829 3999 quod
843 3937 910 3987 tunc
925 3933 1015 4000 ipsum
1029 3934 1184 3987 Vestricius
1195 3934 1310 4002 gerebat
1319 3935 1359 3987 ita
1369 3939 1463 4001 aptum
1472 3947 1609 3987 conexum

537 4024 612 4087 puto,
636 4024 667 4072 ut
689 4019 841 4074 Abellanos
864 4026 893 4074 et
916 4020 1038 4075 Nolanos
1062 4027 1126 4076 ante
1149 4037 1231 4089 quam
1245 4022 1330 4089 legati
1344 4022 1397 4075 hoc
1411 4021 1522 4075 decreto
1535 4018 1609 4076 fines

451 4152 459 4170 ‚
539 4106 682 4174 ambiguos
696 4114 826 4175 regerent
840 4123 874 4163 ea
888 4108 922 4162 de
937 4124 968 4162 re
982 4109 1027 4162 vel
1040 4108 1137 4163 foedus
1152 4111 1196 4164 vel
1210 4110 1347 4176 quandam
1370 4108 1544 4177 sponsionem
1566 4107 1608 4165 fe·

541 4195 611 4249 cisso
636 4199 756 4249 statuam
780 4212 866 4264 eaque
885 4185 1060 4266 ‘prupukid',
1079 4204 1111 4251 ut
1124 4199 1153 4251 in
1167 4198 1275 4266 graecis
1288 4198 1372 4252 huius
1386 4196 1495 4266 generis
1510 4211 1609 4251 monu-

538 4281 638 4336 mentis
653 4283 757 4350 legitur
770 4283 809 4352 (in
828 4268 965 4340 sententia
978 4285 1102 4360 iudicum
1115 4286 1276 4339 Aetolorum
1289 4284 1464 4339 Meliboeensi
1478 4283 1554 4338 edita
1572 4283 1610 4340 ab

538 4370 668 4438 Vssingio
684 4371 767 4426 inscr.
782 4388 873 4439 graec.
888 4389 950 4441 pag.
968 4377 984 4427 2
999 4391 1023 4429 v.
1039 4374 1073 4444 3),
1088 4372 1115 4437 ἐξ
1128 4363 1264 4441 ὃμολόγωι
1288 4373 1457 4428 Vestricium
1479 4372 1609 4440 designa·

539 4464 597 4512 tum
610 4473 670 4514 csso
685 4458 821 4514 arbitrum
835 4468 883 4516 aut
896 4462 1051 4530 legatorum
1064 4478 1148 4531 penes
1163 4478 1232 4530 quos
1256 4462 1403 4517 arbitrium
1426 4461 1498 4515 foret
1520 4460 1609 4516 inter·

535 4533 855 4614 prctcm‘svcrrunom’»
872 4549 1027 4606 Buecheler
1042 4551 1204 4606 Commentt.
1220 4550 1427 4604 Mommsenian.
1443 4564 1469 4617 p.
1485 4550 1546 4604 229.
