3510 5386
771 323 899 394 ..,.54
929 362 980 374 -

238 532 395 604 Primum
414 529 525 602 edidit
544 528 719 631 ¹Corssen
739 551 781 603 ex
799 530 914 622 effigie
933 532 1005 603 aR.
1024 531 1194 604 Schoenio
1210 532 1394 621 delineata,
1415 534 1512 605 Zeit-

236 656 328 726 schr.
357 653 380 724 f.
410 655 518 743 vergl.
548 653 703 744 Sprachf.
733 654 836 726 XXII
864 678 897 745 p.
921 659 995 727 298
1025 675 1076 744 sq.
1107 660 1143 726 et
1170 655 1315 744 Ephem.
1347 657 1457 745 epigr.
1478 656 1514 727 ll

235 799 267 868 p.
295 780 368 849 173
388 798 421 846 n.
445 778 506 861 31,
535 776 659 848 deinde
683 777 775 848 idem
804 779 858 848 vir
886 778 1119 867 doctissimus,
1147 778 1184 848 id
1211 779 1303 867 quod
1331 779 1442 849 Iulius
1471 769 1513 850 de

235 900 342 973 Petra
370 903 501 973 amicus
526 924 590 974 nos
618 904 745 993 docuit,
776 905 875 992 quasi
902 924 1030 976 novum
1053 902 1194 975 titulum
1213 922 1254 973 ex
1273 904 1513 992 apographoa

235 1023 277 1094 de
291 1024 400 1097 Petra
417 1032 561 1114 accepto
581 1027 717 1096 auctius
736 1025 846 1096 edidit
859 1025 1005 1115 Ephem.
1026 1026 1085 1096 cit.
1102 1046 1135 1096 u.
1155 1027 1219 1112 323
1234 1045 1281 1096 ex
1300 1025 1410 1097 altero
1430 1046 1512 1115 apo·

234 1149 367 1237 grapho
385 1149 466 1219 lolii
494 1149 537 1220 de
555 1150 665 1220 Petra
691 1148 827 1238 plenius
855 1153 891 1219 et
920 1150 1114 1220 correctius
1137 1168 1225 1219 anno
1248 1150 1321 1218 187
1327 1152 1347 1219 5
1369 1150 1513 1221 ineunte

235 1272 411 1343 Fiorelli
429 1272 587 1343 Descrizl
608 1272 643 1343 di
662 1272 782 1361 Pomp.
803 1293 838 1361 p.
859 1275 955 1359 437;
983 1269 1058 1343 fere
1085 1272 1258 1360 integrum
1286 1292 1348 1341 nos
1365 1272 1512 1360 legimus

236 1415 355 1466 mense
375 1394 573 1484 Septembri
601 1395 756 1466 eiusdem
785 1397 865 1465 arrni
896 1401 931 1466 et
959 1395 1129 1466 edidimus
1158 1397 1193 1464 in
1211 1394 1302 1468 Bull.
1324 1394 1403 1465 dell’
1423 1394 1509 1465 Inst.

115 1603 116 1610 ἵ
236 1517 333 1590 arch.
358 1521 456 1619 1876
485 1539 520 1608 p.
544 1522 591 1590 58
612 1538 686 1607 sqq.
717 1517 762 1591 ci.
782 1519 931 1590 Nissen
961 1519 1119 1609 Pompej.
1142 1517 1241 1590 Stud.
1262 1538 1297 1607 p.
1321 1520 1408 1588 500.
1439 1517 1509 1590 Va·

235 1641 380 1711 rietates
399 1642 553 1729 priorum
581 1641 771 1711 editionum
795 1642 851 1712 hic
871 1641 1074 1757 omittimus.

287 1851 367 1922 Duo
385 1854 490 1942 primi
509 1873 630 1924 versus
649 1853 748 1924 valde
768 1852 947 1923 obscurati
960 1859 1059 1923 sunt.
1081 1872 1111 1923 v.
1139 1856 1154 1921 l
1181 1855 1205 1922 Ι-
1228 1851 1348 1921 littera
1367 1851 1458 1920 inter
1482 1853 1508 1922 ]

234 1983 270 2049 et
290 1984 319 2061 Ν
342 1996 486 2067 prorsus
505 1977 658 2048 evanuit.
678 1981 747 2049 v.2
769 1976 891 2048 ΟΠ
911 1976 1090 2048 evanuisse
1110 1975 1331 2045 coniecimus.
1352 1994 1386 2044 v.
1406 1975 1426 2043 6
1446 1993 1510 2062 pro

235 2107 281 2174 (Il
292 2122 376 2191 quas
391 2101 587 2172 litterarum
605 2100 770 2189 reliquias
784 2098 1118 2187 nosdelineavimus‚
1129 2097 1287 2168 dePetra
1301 2090 1348 2166 (Ν
1365 2098 1509 2186 legerat.

286 2317 328 2387 In
346 2316 455 2386 latere
475 2315 628 2386 eiusdem
647 2314 737 2405 pilae
757 2312 917 2384 orientali
933 2310 959 2379 fl
976 2312 1094 2384 littera
1112 2310 1255 2402 grandis
1274 2312 1389 2383 colore
1403 2312 1511 2395 rubro

233 2442 371 2532 depicta
388 2445 453 2511 est.
623 2442 625 2445 ’

286 2747 354 2834 83.
382 2755 518 2828 Titulus
537 2753 646 2825 rubro
666 2751 781 2824 colore
800 2752 915 2842 pictus
941 2752 975 2822 iu
995 2748 1130 2822 tofacea
1148 2750 1217 2838 pila
1231 2750 1389 2840 angulari
1408 2769 1509 2823 casae

234 2881 290 2954 del
308 2880 431 2974 Fauno
450 2879 536 2967 Reg.
549 2878 617 2949 XII
636 2879 701 2948 ins.
718 2876 770 2947 VI
788 2877 1002 2948 intrantibus
1020 2875 1064 2946 ab
1085 2875 1239 2946 sinistra.
1260 2876 1398 2946 litterae
1417 2875 1510 2946 altae

233 3030 279 3080 m.
302 3010 405 3096 0‚93.

579 3133 762 3248 ek[s]ulr.
783 3135 998 3220 ammonud
1018 3137 1102 3219 citu

571 3284 631 3347 ns.
651 3264 777 3346 onten
791 3256 948 3371 tiumli.
969 3259 1011 3342 X.
1032 3265 1092 3342 ini
1110 3259 1171 3343 XI.
1190 3260 1266 3363 puf

596 3382 776 3495 faamalt.
796 3388 826 3468 t.
846 3384 1032 3467 fisanisd

550 3530 714 3613 dococto
734 3573 782 3586 —
1203 3609 1204 3613 p

550 3655 648 3735 abiar
665 3653 801 3734 turcam
823 3649 866 3731 X
884 3651 920 3732 ct
940 3647 1017 3746 XI,
1046 3645 1113 3730 ubc'

553 3775 700 3858 debriat
718 3775 759 3856 Τ.
779 3774 964 3857 mumius
986 3771 1110 3880 Oflc'f.
1197 3824 1199 3828 -

287 3959 372 4029 Iob.
392 3955 478 4028 XVI
505 3977 540 4029 n.
565 3962 580 4026 I
613 3957 657 4027 ad
676 3956 840 4045 lapidem.
861 3953 982 4024 Edidit
1001 3952 1141 4022 titulum
1161 3971 1181 4022 a
1201 3952 1243 4023 R.
1263 3951 1429 4023 Schoenio
1450 3952 1509 4024 de·
1578 4004 1582 4008 -

233 4083 399 4153 lineatum
433 4077 610 4150 Corssen
638 4079 808 4150 Zeitschr.
830 4075 853 4147 f.
874 4076 983 4165 vergi.
1005 4073 1160 4164 Spraclrf.
1182 4073 1286 4144 XXII
1304 4095 1338 4164 p.
1361 4077 1436 4145 295
1457 4095 1508 4163 sq.

233 4213 269 4276 et
287 4204 433 4294 Ephem.
464 4203 573 4293 epigr.
594 4202 628 4273 II
652 4223 685 4291 p.
712 4205 783 4273 172
810 4223 842 4270 n.
867 4202 927 4271 30.
958 4199 1030 4270 Nos
1058 4219 1174 4268 mense
1204 4196 1400 4287 Septembri
1430 4199 1511 4267 anni

236 4328 350 4416 1875,
371 4348 449 4398 curn
469 4326 581 4396 imbre
600 4326 708 4395 multo
728 4322 942 4395 madefactus
961 4320 1098 4393 facilius
1117 4320 1185 4408 legi
1204 4322 1328 4410 potuit,
1349 4341 1509 4391 unacum

233 4451 386 4522 Henrico
405 4449 578 4520 Muellero
601 4450 735 4538 pictore
755 4446 987 4537 Neapolitano
1014 4445 1156 4516 titulum
1184 4446 1234 4516 sic
1263 4444 1512 4515 delineavimus

234 4582 274 4646 ut
293 4575 328 4644 in
348 4575 467 4645 tabula
486 4594 576 4644 nunc
594 4573 745 4644 videtur.
