3420 5378
835 324 1047 393 ..30-

357 525 531 612 47-48.
560 534 669 606 Tituli
696 532 905 624 sepulcrales
931 533 1030 623 nigro
1057 530 1172 603 colore
1197 530 1283 620 piati
1310 530 1443 621 reperti
1471 528 1509 602 in
1526 550 1584 602 se-

305 657 430 748 pulcro
449 678 469 728 a
485 655 625 730 Galozzi
643 661 679 728 et
695 655 806 728 Doria
825 656 963 728 detecto
980 675 1071 728 anno
1085 657 1159 727 187
1164 658 1186 726 2
1204 655 1250 727 ad
1266 653 1303 727 S.
1323 652 1447 727 Maria
1463 653 1503 726 di
1513 654 1585 727 Ga·
1660 710 1663 719 .

297 781 512 871 pervetere
540 781 577 850 in
603 780 679 852 loco
708 779 768 869 qui
795 779 925 851 dicitur
954 778 1096 868 Quadra
1121 776 1238 868 Santi,
1272 798 1363 850 nune
1393 779 1431 849 im
1458 796 1584 851 museo

306 903 491 996 Campano.
1663 898 1668 906 ’

357 1196 423 1281 47.
452 1204 493 1274 In
513 1203 646 1292 aliquot
664 1163 871 1292 iragmentis
889 1202 1005 1292 operis
1022 1202 1163 1276 tectorii
1181 1201 1320 1292 pictura
1339 1202 1465 1292 ornati,
1490 1221 1583 1292 quae
1670 1252 1673 1257 ·

305 1327 393 1420 spite
411 1326 520 1398 Iulius
538 1326 728 1398 Minervini
747 1326 952 1416 composuit.
972 1326 1113 1398 litterae
1132 1324 1224 1398 altae
1243 1347 1288 1398 m.
1310 1326 1442 1416 0‚018.

528 1490 672 1605 ribi[a]
690 1495 865 1579 smintiis
882 1493 1004 1579 vibiar
1023 1495 1214 1580 smintiia:
1233 1516 1359 1580 sum..

723 1635 850 1722 the'raa
869 1635 1054 1722 saratas
1075 1701 1084 1720 .
1105 1701 1115 1720 .
1136 1701 1146 1720 .
1168 1697 1177 1716 .

360 1932 425 2018 48.
454 1941 494 2011 In
515 1960 622 2031 opere
640 1941 790 2013 tectorio
808 1941 899 2013 albo.
920 1942 1060 2014 litterae
1078 1942 1169 2014 altae
1187 1964 1232 2013 m.
1253 1945 1385 2032 0‚030.

466 2109 784 2194 mariamnam
1103 2110 1433 2198 parastatae

360 2292 629 2383 Descripsimus.
650 2293 735 2365 Tab.
756 2293 826 2366 VII
845 2315 879 2366 n.
904 2280 938 2367 3'.
960 2298 983 2365 4
1008 2294 1052 2366 ad
1075 2295 1252 2386 exemplar
1269 2294 1583 2386 photographicum

307 2417 398 2506 quod
427 2421 549 2505 rogatu
579 2422 700 2488 nostro
728 2415 924 2489 faciendum
949 2419 1090 2490 curavit
1109 2417 1253 2491 Gabriel
1271 2418 1416 2490 Iannelli
1436 2416 1584 2508 Campa-

307 2561 383 2611 nus.
404 2540 533 2611 Parum
553 2546 718 2612 accurate
737 2539 932 2630 fragmenta
950 2541 1125 2632 descripta
1144 2546 1226 2613 sunt
1239 2541 1392 2625 inVerb.
1404 2543 1438 2614 d.
1450 2541 1584 2630 Gomm.

309 2661 477 2735 Conserv.
499 2664 534 2734 di
553 2663 666 2735 'lerra
684 2664 720 2736 di
738 2665 887 2737 Lavoro.
908 2664 1016 2736 Torn.
1038 2668 1059 2735 5
1080 2664 1208 2737 Febbr.
1232 2656 1331 2737 lara
1350 2686 1385 2756 p.
1403 2667 1440 2756 9,
1459 2665 1585 2740 deinde

308 2786 418 2858 edidit
437 2807 479 2858 ea
496 2786 648 2876 Helbig
666 2787 757 2858 Bull.
779 2787 861 2858 dell'
881 2789 967 2859 inst.
993 2791 1092 2861 1873
1111 2810 1146 2879 p.
1170 2792 1257 2879 125,
1286 2810 1329 2861 ex
1346 2809 1414 2879 quo
1431 2790 1584 2880 repetie-

297 2915 391 2982 runt
408 2893 600 2982 Fabre'tti
621 2909 697 2982 Sec.
719 2910 840 3000 Suppl.
860 2933 894 2982 n.
917 2909 1094 2983 Corssen
1112 2913 1260 3002 Ephem.
1279 2914 1389 3004 epigr.
1405 2913 1442 2984 II
1459 2935 1494 3004 p.
1510 2916 1584 2985 160

308 3053 342 3103 n.
364 3033 480 3104 7-9.

361 3231 394 3279 n.
426 3212 475 3279 47
500 3201 676 3287 ‘simintiis
696 3249 744 3261 --
766 3199 911 3281 smintis'
937 3210 1065 3300 Helbig
1088 3211 1247 3283 Fabretti
1272 3211 1434 3287 Corssen.
1452 3178 1581 3304 ‘sallia’

239 3380 242 3386 -
308 3330 469 3404 Oorssen.
1407 3331 1411 3340 '

362 3528 491 3618 Helbig
513 3530 567 3600 vir
595 3530 814 3601 doctissimus
841 3530 983 3601 titulum
1012 3553 1046 3600 n.
1068 3533 1117 3602 48
1143 3530 1361 3601 dextrorsum
1383 3537 1585 3620 pergentem

309 3650 458 3741 fecerat,
484 3652 546 3724 sed
565 3674 643 3725 eum
658 3652 768 3724 forma
786 3652 823 3720 l.
841 3653 979 3724 litterae
999 3654 1044 3725 ab
1063 3653 1122 3724 illo
1141 3673 1308 3742 expressa
1326 3654 1492 3724 desemel
1510 3655 1585 3745 qui·

310 3773 388 3845 dem
406 3776 442 3844 in
460 3774 572 3852 titulis
591 3777 680 3845 oscis
699 3776 912 3864 inveniatur,
942 3775 1105 3847 veremur
1128 3795 1172 3845 ne
1195 3794 1379 3864 perperam
1400 3776 1590 3866 inscriptio.

308 3899 345 3967 in
365 3898 455 3969 Bull.
476 3897 501 3971 l.
522 3920 553 3970 e.
574 3899 669 3969 edita
687 3900 743 3969 sit.
765 3895 879 3990 Quare
891 3918 961 3973 ¹nos
980 3901 1017 3968 in
1034 3899 1155 3970 tabula
1173 3899 1311 3970 litteras
1329 3898 1546 3970 invertimua

363 4202 429 4293 ll.
458 4211 640 4296 Lammina
658 4213 825 4303 plumbea
839 4217 1021 4287 convoluta
1049 4215 1085 4285 in
1114 4214 1273 4325 sepulcro
1301 4215 1450 4304 quodam
1469 4215 1588 4305 oppidi

312 4339 348 4410 S.
375 4336 497 4410 Maria
526 4337 563 4408 di
584 4339 704 4427 Capua
727 4337 841 4409 Vetere
868 4359 958 4410 anno
989 4342 1089 4412 1857
1118 4338 1256 4428 effossa,
1284 4339 1439 4410 nuncin
1468 4358 1587 4411 museo

312 4463 550 4553 Neapolitano.
589 4463 661 4533 alta
697 4482 742 4532 m.
783 4464 912 4552 0‚072.
950 4462 1023 4534 lata
1068 4483 1113 4534 m.
1153 4464 1282 4552 0‚175.
1320 4463 1459 4534 litterae
1495 4461 1587 4535 altae

311 4610 356 4660 m.
378 4589 507 4681 0‚003.
