3420 5378
652 320 862 388 ..3-

118 550 161 601 ex
179 550 247 619 qno
267 529 408 619 repetiit
426 529 600 618 Lepsius
620 528 729 600 Inscr.
755 527 875 601 Umbr.
895 534 932 598 et
953 526 1032 601 0sc.
1052 531 1126 602 tab.
1146 530 1225 603 adn.
1245 551 1279 601 n.
1304 535 1337 620 3,
1359 536 1394 603 et

119 654 337 725 Mommsen
368 653 450 727 Unt.
481 653 573 724 Dial.
602 675 636 743 p.
662 656 735 724 170
754 653 827 725 tab.
848 653 920 724 VII
939 674 973 723 n.
997 658 1032 743 2,
1053 675 1096 726 ex
1115 675 1182 745 quo
1202 655 1396 729 Huschke

119 778 204 850 Osk.
226 800 259 850 u.
280 778 361 850 Sab.
383 779 656 868 Sprachdeukm.
682 799 717 867 p.
741 781 811 848 141
835 800 868 849 n.
890 779 917 868 Ι,
947 778 1141 850 Fabretti
1168 778 1207 852 O.
1237 782 1266 851 Ι.
1295 782 1338 852 lt.
1362 803 1397 852 11.

119 906 222 974 2844
251 903 353 976 Gloss
381 904 446 974 col.
481 906 603 991 1086,
642 901 816 974 Enderis
849 902 888 972 F.
924 903 957 973 d.
992 901 1076 973 Osk.
1107 902 1186 993 Spr.
1215 926 1249 994 p.
1284 909 1331 976 17
1361 927 1395 977 n.

118 1025 264 1097 XLVII.

171 1335 209 1419 4.
239 1344 382 1415 Tabella
400 1365 502 1415 aerea
519 1343 631 1415 fracta
649 1344 685 1413 in
705 1343 840 1433 angulis
859 1342 1037 1433 perforata
1053 1344 1150 1434 pochi
1161 1345 1261 1434 possi
1279 1346 1395 1438 lampii

14 1448 18 1452 “
116 1464 214 1538 dallo
240 1466 422 1538 clicsoliao
448 1467 486 1537 di
514 1466 551 1538 8.
572 1465 694 1536 Mario
721 1465 812 1537 dello
840 1465 960 1536 Peneo
987 1465 1084 1538 dallo
1107 1469 1270 1556 periodi
1294 1469 1393 1542 Vasio

118 1591 173 1681 (L.
194 1591 429 1679 Marchesani)
457 1611 547 1661 anno
570 1593 670 1662 1850
691 1589 825 1679 effossa,
855 1610 946 1661 nuuc
975 1592 1010 1660 in
1038 1613 1151 1662 museo
1169 1593 1396 1665 comuuoledi

124 1714 237 1786 Vasio.
258 1714 424 1804 longam.
447 1716 576 1802 0,170.
598 1714 669 1785 alta
692 1734 737 1786 m.
760 1716 889 1802 0,108.
908 1713 1049 1784 litterae
1074 1714 1164 1786 altae
1183 1737 1228 1787 m.
1251 1720 1381 1805 0,017.

199 1901 309 1984 kual.
329 1902 512 1985 lusidius.
532 1906 648 2003 gnavi
667 1957 676 1982 .
698 1956 708 1982 .
815 1901 963 1984 Oetaeus
981 1902 1164 1987 Hosc'clcics
1189 1905 1330 1988 Guneus

166 2025 299 2109 uirbis.
319 2026 493 2109 dhtuvis.
513 2026 587 2108 uf.
609 2083 620 2108 .
855 2025 982 2108 uleus
1005 2026 1180 2111 ducales
1203 2029 1307 2138 Ofius

191 2149 376 2233 kenzsur.
396 2151 485 2252 putt
505 2207 514 2230 .
536 2207 545 2230 .
948 2175 1115 2233 censores
1135 2213 1144 2232 .
1167 2214 1175 2233 .
1197 2214 1206 2233 .

173 2351 431 2440 Descripsimus
450 2355 486 2420 et
506 2350 628 2420 charta
646 2349 762 2420 umida
780 2350 1024 2438 expressimus.
1045 2350 1157 2421 Tab.I
1177 2371 1209 2422 n.
1234 2355 1254 2422 3
1277 2353 1318 2422 ad
1340 2376 1397 2426 ec-

119 2481 226 2564 typou
255 2474 347 2565 quod
370 2496 390 2544 a
413 2473 592 2545 Dresselio
611 2473 766 2543 Romano
786 2480 944 2544 nostrum
963 2475 999 2542 in
1018 2495 1119 2543 usum
1143 2472 1273 2546 lactum
1302 2479 1398 2550 misit

119 2600 249 2671 Petrus
267 2599 425 2687 Romani,
456 2599 564 2668 musei
592 2597 687 2668 illius
710 2596 917 2686 praelectus.
947 2597 1068 2668 Edidit
1088 2598 1286 2671 Garrucci
1304 2602 1397 2675 Bull.

119 2720 215 2794 arclr.
237 2745 315 2811 nap.
336 2746 372 2794 11.
393 2745 420 2793 s.
443 2723 458 2794 Ι
479 2743 512 2811 p.
535 2725 585 2791 44
615 2721 687 2791 tab.
709 2721 761 2791 ΙΙΙ
790 2743 823 2793 n.
846 2726 882 2811 2,
912 2721 1003 2792 uude
1023 2721 1213 2794 Fabretti
1243 2723 1282 2795 C.
1304 2727 1330 2796 Ι.
1352 2727 1396 2798 It.

120 2869 155 2919 11.
178 2850 278 2918 2843
300 2848 368 2917 tab.
391 2846 486 2933 Llll,
517 2845 691 2916 Oorssen
715 2843 862 2934 Ephem.
885 2846 994 2934 epigr.
1015 2845 1051 2916 ll
1071 2867 1104 2935 p.
1131 2849 1203 2917 185
1224 2869 1258 2920 n.
1286 2852 1330 2919 74
1351 2848 1395 2922 cf.

120 2971 296 3042 Euderis
315 2971 355 3042 F.
377 2971 410 3042 d.
432 2969 514 3042 Osk.
538 2967 616 3059 Spr.
646 2989 679 3057 p.
705 2972 751 3040 18
781 2990 814 3040 n.
841 2969 917 3040 lIL.
948 2968 1204 3041 Tractavernnt
1222 2970 1263 3041 L.
1284 2973 1397 3045 Mar-

121 3095 290 3167 chesani
311 3077 537 3184 Esposizione
558 3091 650 3181 degli
669 3094 803 3182 oggetti
822 3092 968 3164 raccolti
987 3092 1043 3163 nel
1064 3091 1249 3166 Cabinetto
1263 3097 1398 3168 Arche·

121 3221 255 3308 ologico
276 3218 463 3290 Comunale
483 3220 517 3290 di
533 3218 643 3289 Vasto
662 3217 748 3289 fatta
767 3239 831 3307 per
849 3219 963 3289 tavole
981 3240 999 3288 e
1015 3220 1151 3290 notizie.
1177 3220 1277 3291 Teati
1296 3224 1395 3293 1853

120 3363 155 3431 p.
177 3347 245 3412 411.
260 3346 307 3413 55
329 3342 482 3414 tab.VIl
497 3364 530 3412 n.
545 3344 607 3428 55,
629 3340 1039 3413 KirchhoffZeitsch1·.
1062 3341 1085 3414 f.
1107 3342 1214 3432 vergl.
1237 3342 1394 3433 Spruchf.

121 3463 174 3536 ΙΙΙ
193 3486 226 3554 p.
254 3469 338 3535 133.

175 3698 207 3747 v.
232 3682 249 3748 1
277 3667 386 3767 ‘gaas'
420 3675 590 3748 Garrucci
611 3676 731 3746 ceteri.
767 3674 857 3762 Quia
876 3674 1044 3764 reliquiae
1066 3678 1088 3746 l·
1110 3676 1250 3746 litterae
1269 3675 1396 3748 inmo·

120 3806 286 3871 numento
304 3801 401 3871 clare'
416 3800 589 3890 leguntur,
605 3801 669 3870 hoc
684 3798 887 3869 vocabulum
903 3819 1091 3887 cognomen
1105 3819 1181 3870 esse
1197 3799 1395 3871 conicimus.

122 3947 153 3996 v.
177 3928 198 3994 3
216 3914 402 3995 ‘kenzstur'
435 3925 594 3995 Fabretti
613 3924 650 3992 in
668 3928 778 4008 textu,
800 3941 877 3992 cum
898 3928 991 3991 recte
1012 3921 1194 3992 Garruccli
1214 3922 1397 3993 lectionem

120 4047 157 4117 in
176 4048 297 4118 tabula
314 4050 509 4137 repetierit.
536 4047 606 4117 Sed
626 4056 794 4136 punctum
814 4068 919 4136 supra
939 4048 971 4117 V
991 4047 1145 4118 litteram
1166 4069 1186 4117 a
1205 4046 1398 4120 Garruccio

120 4153 272 4261 positum
287 4193 366 4252 cum
376 4194 487 4262 neque
503 4193 566 4242 nos
580 4175 838 4242 monumentum
854 4172 1089 4242 examinantes
1105 4174 1396 4261 conspexerimus,

25 4282 28 4286 ¹
121 4316 232 4385 neque
251 4296 420 4367 Dresselii
440 4303 589 4386 ectypon
604 4295 905 4366 accuratissimum
925 4296 1099 4384 exhibeat,
1114 4287 1290 4365 ‘kenzsur'
1311 4296 1397 4366 scri·

121 4421 272 4490 bendum
293 4442 483 4492 censemus.
