3420 5378
719 345 927 412 ...83-

183 575 216 621 n.
242 557 286 621 12
319 554 362 622 ad
387 553 562 640 exemplar
582 553 820 624 Mommseni
839 552 922 626 Unt.
946 553 1037 624 Dial.
1067 553 1140 625 tab.
1169 553 1240 624 XII
1267 576 1299 624 n.
1332 559 1379 625 35
1411 555 1456 626 cf.

184 698 217 763 p.
243 679 329 763 190,
360 676 448 746 unde
476 676 666 746 Huschke
695 675 779 748 Osk.
812 698 844 748 u.
875 677 955 748 Sab.
978 678 1249 766 Sprachdenkm.
1270 699 1303 767 p.
1327 682 1402 750 208
1423 700 1456 749 n.

182 799 350 888 LXXIII,
379 799 569 869 Fabretti
599 800 637 870 Ο.
670 801 697 870 Ι.
729 801 771 870 11.
801 821 834 870 n.
867 803 980 891 2847,
1019 803 1077 890 qui
1115 801 1457 873 communicationem

185 923 341 994 Guarinii
369 921 489 992 falsam
518 922 574 1012 (cf.
597 922 789 993 Mommsen
819 924 841 992 l.
859 927 902 1011 s.)
931 932 1072 995 secutus
1092 925 1180 996 hano
1201 926 1459 1014 inscriptionem

184 1050 275 1115 inter
296 1054 451 1134 reportas
472 1047 504 1114 in
524 1067 608 1135 agro
630 1046 801 1117 Frentano
820 1049 944 1136 posuit,
976 1048 1154 1118 Enderis
1175 1048 1212 1118 F.
1230 1051 1263 1120 d.
1280 1047 1361 1120 Osk.
1380 1051 1457 1139 Spr.

185 1192 218 1257 p.
253 1174 298 1239 16
329 1191 362 1240 n.
393 1168 487 1254 XLI,
520 1174 553 1238 2.
585 1170 722 1239 Primus
750 1170 858 1240 edidit
887 1171 934 1241 de
955 1171 1124 1242 MIniois
1144 1171 1195 1242 Le
1215 1173 1384 1243 iscrizioni
1406 1174 1460 1242 del

189 1314 305 1363 museo
326 1293 367 1362 de
388 1293 528 1362 llinicis
549 1295 582 1361 in
603 1293 738 1380 Formo,
760 1314 861 1383 quem
883 1294 1038 1365 libellum
1058 1315 1123 1363 non
1148 1296 1308 1367 vidImus

243 1538 366 1609 Utrum
382 1528 567 1638 ‘latitante'
590 1560 633 1609 an
649 1530 816 1641 ‘lotidem'
839 1541 1007 1629 scriptum
1027 1543 1073 1610 sit
1093 1509 1265 1612 incertim
1284 1552 1349 1613 est.

243 1868 328 1951 154.
349 1872 456 1944 Galea
477 1896 577 1944 aerea
596 1895 684 1962 quae
704 1874 784 1944 olim
804 1873 871 1944 luit
890 1875 925 1943 in
939 1873 1117 1945 collatione
1131 1874 1169 1945 di
1183 1876 1360 1965 ootioopla'e
1374 1875 1463 1948 dello

191 1999 322 2086 Mopoo
344 1997 478 2083 Grecin,
507 2019 595 2067 nuum
615 2000 648 2066 in
667 2018 784 2068 museo
803 1997 1061 2086 Panormitano,
1091 2000 1238 2070 cendato
1264 1999 1325 2069 dol
1352 1999 1466 2090 sepnor

188 2123 276 2191 duco
295 2120 384 2191 dello
408 2121 573 2192 Verania.
597 2123 638 2191 A.
661 2119 806 2191 Salinas,

274 2314 398 2422 τρεβις
419 2342 444 2389 o
464 2340 597 2401 σεστες
618 2307 724 2390 tatae
836 2308 1469 2416 211111811118111111111.

168 2594 171 2600 ¹
249 2511 332 2581 Tab.
354 2510 473 2581 XVIII
503 2531 535 2580 n.
562 2513 606 2580 13
628 2508 686 2578 ob
714 2513 756 2580 ad
786 2516 1041 2580 monumentum
1062 2510 1151 2598 quod
1172 2531 1287 2581 mense
1312 2510 1475 2601 Septem.

196 2637 247 2704 bri
267 2636 347 2705 anni
373 2637 468 2705 1875
491 2633 733 2702 doIIneandum
753 2641 786 2702 et
806 2641 884 2702 arte
908 2633 1180 2722 photograplrica
1209 2642 1469 2723 repraesentan-

194 2761 274 2828 dum
305 2759 512 2828 curavimus.
554 2757 750 2826 lididerunt
775 2757 963 2828 Fabretti
986 2757 1025 2828 C.
1047 2757 1074 2833 I.
1096 2757 1139 2827 It.
1161 2779 1194 2828 n.
1219 2759 1471 2830 2890111111

194 2882 305 2953 Gloss.
337 2882 401 2951 ool.
437 2884 534 2951 1842
561 2902 603 2950 ex
622 2890 745 2969 ectypo
772 2882 814 2950 ab
840 2882 991 2951 Antonio
1017 2880 1152 2951 Salinas
1172 2882 1247 2952 viro
1268 2882 1471 2954 doctissimo

194 3005 440 3075 Panormitano
460 3012 615 3092 accepto,
637 3005 711 3093 ipse
731 3002 775 3074 A.
797 3003 957 3076 Sallues
977 3003 1042 3073 llel
1059 3005 1133 3074 real
1157 3026 1276 3076 museo
1296 3006 1331 3076 di
1350 3006 1469 3077 Paler-

195 3151 250 3198 mo
269 3128 438 3197 relatione
459 3128 582 3198 scritta
601 3126 645 3197 da
664 3129 816 3198 Antonio
847 3125 994 3201 Salinas.
1015 3127 1177 3198 Panormi
1204 3130 1316 3217 1873,
1345 3130 1417 3201 tab.
1438 3129 1470 3200 ll

195 3274 228 3323 n.
253 3257 272 3321 5
300 3250 343 3321 oi.
366 3273 398 3340 p.
422 3254 469 3320 46
491 3272 556 3340 sq.,
587 3250 764 3322 Corssen
787 3251 958 3321 Zeitschr.
979 3249 1002 3320 f.
1024 3252 1133 3340 vergi.
1164 3250 1316 3341 Sprachf
1352 3253 1471 3325 XXIII

195 3397 227 3462 p.
252 3370 327 3446 2'50
356 3395 405 3463 sq.
436 3375 582 3463 Ephem.
612 3376 723 3464 epIgr.
754 3375 789 3444 II
817 3395 849 3463 p.
887 3377 958 3445 193
983 3394 1048 3462 sq.;
1069 3395 1112 3444 en
1130 3375 1303 3446 Fabrettii
1321 3376 1472 3449 editione

196 3500 336 3587 repetiit
355 3498 529 3567 Enderis
550 3499 587 3567 F.
609 3498 643 3570 d.
664 3495 747 3568 osu.
769 3496 847 3586 Spr.
869 3517 902 3586 p.
931 3500 973 3569 19
995 3518 1027 3567 n.
1051 3496 1143 3568 LIV.

254 3749 262 3814 t
284 3733 762 3849 111111111111111“τρεβις’,
783 3763 885 3832 quam
909 3764 965 3812 ars
993 3744 1266 3833 photographica
1293 3745 1328 3813 in
1357 3745 1473 3816 tabula

96 3940 100 3946 ,
199 3876 327 3956 nostra,
351 3867 441 3956 quod
461 3867 646 3938 dolendum
666 3872 730 3957 est,
751 3873 1013 3956 repraesentare
1032 3887 1100 3937 non
1119 3868 1243 3957 potuit,
1263 3874 1335 3938 tam
1350 3868 1473 3940 obscu-

109 3982 116 3991 ’
198 4013 237 4058 11
257 3999 361 4079 atque
389 3990 528 4061 subtilis
556 3997 621 4078 est,
659 4000 699 4061 ut
725 3992 782 4062 vix
810 3991 978 4078 distingui
1012 3998 1126 4080 queat.
1162 3988 1273 4061 Valde
1301 3992 1389 4062 mira
1417 3998 1472 4062 est

200 4115 328 4202 positio
358 4121 461 4184 notae
489 4115 722 4203 praenominis
749 4114 862 4203 patris
888 4119 936 4202 3,
967 4136 1053 4204 quae
1082 4114 1117 4183 in
1136 4115 1202 4186 hoo
1221 4115 1324 4187 titulo
1353 4136 1475 4186 nomen

200 4239 374 4327 proprium
395 4238 579 4307 antecedit.

251 4460 300 4541 T.
323 4463 435 4571 Τρεβς
455 4455 509 4540 Γ.’
532 4466 693 4537 Fabrotti
712 4465 873 4538 Euderis.
903 4461 1063 4536 Alterum
1080 4466 1200 4555 galeae
1219 4467 1394 4554 exemplar
1421 4467 1473 4536 in·

204 4589 424 4682 scriptionem
455 4589 601 4659 similem
632 4585 795 4675 referens,
826 4588 916 4676 quod
945 4589 980 4658 in
1008 4609 1162 4659 museum
1191 4588 1474 4661 Panormitannm

1231 4723 1264 4775 11
