<?xml version="1.0" encoding="UTF-8"?>
<!DOCTYPE html PUBLIC "-//W3C//DTD XHTML 1.0 Transitional//EN"
    "http://www.w3.org/TR/xhtml1/DTD/xhtml1-transitional.dtd">
<html xmlns="http://www.w3.org/1999/xhtml" xml:lang="en" lang="en">
 <head>
  <title>
</title>
<meta http-equiv="Content-Type" content="text/html;charset=utf-8" />
  <meta name='ocr-system' content='tesseract 3.04.00' />
  <meta name='ocr-capabilities' content='ocr_page ocr_carea ocr_par ocr_line ocrx_word'/>
</head>
<body>
  <div class='ocr_page' id='page_1' title='image "./syllogeinscript00tgoog_0068.png"; bbox 0 0 3510 5386; ppageno 0'>
   <div class='ocr_carea' id='block_1_1' title="bbox 695 318 901 388">
    <p class='ocr_par' dir='ltr' id='par_1_1' title="bbox 695 318 901 388">
     <span class='ocr_line' id='line_1_1' title="bbox 695 318 901 388; baseline -0.005 -19"><span class='ocrx_word' id='word_1_1' title='bbox 695 356 739 369; x_wconf 83' lang='lat'>..</span> <span class='ocrx_word' id='word_1_2' title='bbox 772 318 901 388; x_wconf 79' lang='lat'>49...</span> 
     </span>
    </p>
   </div>
   <div class='ocr_carea' id='block_1_2' title="bbox 407 514 1251 873">
    <p class='ocr_par' dir='ltr' id='par_1_2' title="bbox 407 514 1251 873">
     <span class='ocr_line' id='line_1_2' title="bbox 407 514 1251 630; baseline 0.002 -28"><span class='ocrx_word' id='word_1_3' title='bbox 407 514 595 627; x_wconf 80' lang='lat' dir='ltr'>dps]tn11.</span> <span class='ocrx_word' id='word_1_4' title='bbox 618 575 657 599; x_wconf 90' lang='lat'>..</span> <span class='ocrx_word' id='word_1_5' title='bbox 733 555 747 597; x_wconf 78' lang='grc' dir='ltr'><em>ι</em></span> <span class='ocrx_word' id='word_1_6' title='bbox 984 521 1158 630; x_wconf 74' lang='lat' dir='ltr'>opeaad.</span> <span class='ocrx_word' id='word_1_7' title='bbox 1180 583 1189 604; x_wconf 94' lang='lat'><strong>.</strong></span> <span class='ocrx_word' id='word_1_8' title='bbox 1211 583 1251 605; x_wconf 91' lang='lat'>..</span> 
     </span>
     <span class='ocr_line' id='line_1_3' title="bbox 439 636 1055 751; baseline 0.003 -28"><span class='ocrx_word' id='word_1_9' title='bbox 439 636 562 751; x_wconf 82' lang='lat' dir='ltr'>e]kad</span> <span class='ocrx_word' id='word_1_10' title='bbox 984 645 1055 725; x_wconf 74' lang='lat' dir='ltr'>leae</span> 
     </span>
     <span class='ocr_line' id='line_1_4' title="bbox 407 758 1229 873; baseline 0.005 -26"><span class='ocrx_word' id='word_1_11' title='bbox 407 758 576 873; x_wconf 74' lang='lat' dir='ltr'>prnpat.</span> <span class='ocrx_word' id='word_1_12' title='bbox 599 820 638 847; x_wconf 90' lang='lat'>..</span> <span class='ocrx_word' id='word_1_13' title='bbox 979 767 1136 873; x_wconf 80' lang='lat' dir='ltr'>probae.</span> <span class='ocrx_word' id='word_1_14' title='bbox 1158 830 1166 849; x_wconf 95' lang='lat'><strong>.</strong></span> <span class='ocrx_word' id='word_1_15' title='bbox 1188 830 1197 851; x_wconf 90' lang='lat'><strong>.</strong></span> <span class='ocrx_word' id='word_1_16' title='bbox 1220 830 1229 851; x_wconf 94' lang='lat'><strong>.</strong></span> 
     </span>
    </p>
   </div>
   <div class='ocr_carea' id='block_1_3' title="bbox 159 945 1438 1282">
    <p class='ocr_par' dir='ltr' id='par_1_3' title="bbox 159 945 1438 1282">
     <span class='ocr_line' id='line_1_5' title="bbox 213 945 1437 1039; baseline 0.002 -23"><span class='ocrx_word' id='word_1_17' title='bbox 213 945 298 1017; x_wconf 83' lang='lat' dir='ltr'>Tab.</span> <span class='ocrx_word' id='word_1_18' title='bbox 319 945 409 1017; x_wconf 92' lang='lat' dir='ltr'>XIII</span> <span class='ocrx_word' id='word_1_19' title='bbox 427 967 461 1015; x_wconf 89' lang='lat' dir='ltr'>n.</span> <span class='ocrx_word' id='word_1_20' title='bbox 480 949 501 1016; x_wconf 87' lang='lat'>8</span> <span class='ocrx_word' id='word_1_21' title='bbox 522 947 565 1016; x_wconf 91' lang='lat' dir='ltr'>ad</span> <span class='ocrx_word' id='word_1_22' title='bbox 584 946 747 1035; x_wconf 83' lang='lat' dir='ltr'><strong>lapidem.</strong></span> <span class='ocrx_word' id='word_1_23' title='bbox 768 945 823 1017; x_wconf 82' lang='lat' dir='ltr'>Ex</span> <span class='ocrx_word' id='word_1_24' title='bbox 838 947 1037 1037; x_wconf 85' lang='lat' dir='ltr'>apographo</span> <span class='ocrx_word' id='word_1_25' title='bbox 1051 953 1087 1019; x_wconf 86' lang='lat' dir='ltr'>et</span> <span class='ocrx_word' id='word_1_26' title='bbox 1102 949 1298 1020; x_wconf 86' lang='lat' dir='ltr'>litterarum</span> <span class='ocrx_word' id='word_1_27' title='bbox 1313 952 1437 1039; x_wconf 85' lang='lat' dir='ltr'>ectypo</span> 
     </span>
     <span class='ocr_line' id='line_1_6' title="bbox 160 1068 1438 1158; baseline 0.002 -18"><span class='ocrx_word' id='word_1_28' title='bbox 160 1090 180 1140; x_wconf 93' lang='lat' dir='ltr'>a</span> <span class='ocrx_word' id='word_1_29' title='bbox 214 1068 256 1139; x_wconf 91' lang='lat' dir='ltr'>de</span> <span class='ocrx_word' id='word_1_30' title='bbox 286 1069 393 1141; x_wconf 86' lang='lat' dir='ltr'>Petra</span> <span class='ocrx_word' id='word_1_31' title='bbox 424 1071 576 1158; x_wconf 85' lang='lat' dir='ltr'>acceptis</span> <span class='ocrx_word' id='word_1_32' title='bbox 609 1069 720 1140; x_wconf 82' lang='lat' dir='ltr'>edidit</span> <span class='ocrx_word' id='word_1_33' title='bbox 753 1077 789 1142; x_wconf 90' lang='lat' dir='ltr'>et</span> <span class='ocrx_word' id='word_1_34' title='bbox 816 1071 1072 1142; x_wconf 86' lang='lat' dir='ltr'>restituendum</span> <span class='ocrx_word' id='word_1_35' title='bbox 1101 1072 1237 1143; x_wconf 86' lang='lat' dir='ltr'>curavit</span> <span class='ocrx_word' id='word_1_36' title='bbox 1265 1071 1438 1144; x_wconf 83' lang='lat' dir='ltr'>Cerssen</span> 
     </span>
     <span class='ocr_line' id='line_1_7' title="bbox 159 1192 782 1282; baseline -0.002 -19"><span class='ocrx_word' id='word_1_37' title='bbox 159 1192 307 1282; x_wconf 84' lang='lat' dir='ltr'>Ephem.</span> <span class='ocrx_word' id='word_1_38' title='bbox 329 1193 438 1282; x_wconf 85' lang='lat' dir='ltr'><strong>epigr.</strong></span> <span class='ocrx_word' id='word_1_39' title='bbox 459 1193 494 1263; x_wconf 94' lang='grc'>11</span> <span class='ocrx_word' id='word_1_40' title='bbox 513 1214 546 1282; x_wconf 90' lang='lat' dir='ltr'>p.</span> <span class='ocrx_word' id='word_1_41' title='bbox 571 1194 644 1263; x_wconf 88' lang='grc'>169</span> <span class='ocrx_word' id='word_1_42' title='bbox 665 1214 699 1264; x_wconf 91' lang='lat' dir='ltr'>n.</span> <span class='ocrx_word' id='word_1_43' title='bbox 722 1195 782 1263; x_wconf 81' lang='lat'>23.</span> 
     </span>
    </p>
   </div>
   <div class='ocr_carea' id='block_1_4' title="bbox 160 1500 1440 1848">
    <p class='ocr_par' dir='ltr' id='par_1_4' title="bbox 160 1500 1440 1848">
     <span class='ocr_line' id='line_1_8' title="bbox 213 1500 1437 1600; baseline -0.004 -14"><span class='ocrx_word' id='word_1_44' title='bbox 213 1500 276 1586; x_wconf 74' lang='lat'>73.</span> <span class='ocrx_word' id='word_1_45' title='bbox 306 1511 388 1582; x_wconf 85' lang='lat' dir='ltr'>Tria</span> <span class='ocrx_word' id='word_1_46' title='bbox 415 1509 610 1599; x_wconf 82' lang='lat' dir='ltr'>fragmenta</span> <span class='ocrx_word' id='word_1_47' title='bbox 641 1509 780 1581; x_wconf 90' lang='lat' dir='ltr'>tabulae</span> <span class='ocrx_word' id='word_1_48' title='bbox 813 1509 970 1599; x_wconf 83' lang='lat' dir='ltr'>lapideae</span> <span class='ocrx_word' id='word_1_49' title='bbox 1004 1530 1092 1582; x_wconf 86' lang='lat' dir='ltr'>anne</span> <span class='ocrx_word' id='word_1_50' title='bbox 1131 1513 1228 1583; x_wconf 87' lang='lat'>1836</span> <span class='ocrx_word' id='word_1_51' title='bbox 1262 1512 1437 1600; x_wconf 86' lang='lat' dir='ltr'>inventae,</span> 
     </span>
     <span class='ocr_line' id='line_1_9' title="bbox 160 1631 1440 1724; baseline -0.001 -19"><span class='ocrx_word' id='word_1_52' title='bbox 160 1655 250 1706; x_wconf 85' lang='lat' dir='ltr'>nune</span> <span class='ocrx_word' id='word_1_53' title='bbox 270 1636 306 1704; x_wconf 91' lang='lat' dir='ltr'>in</span> <span class='ocrx_word' id='word_1_54' title='bbox 325 1654 443 1705; x_wconf 88' lang='lat' dir='ltr'>museo</span> <span class='ocrx_word' id='word_1_55' title='bbox 453 1633 693 1723; x_wconf 85' lang='lat' dir='ltr'>Neapolitano.</span> <span class='ocrx_word' id='word_1_56' title='bbox 714 1631 784 1705; x_wconf 91' lang='lat' dir='ltr'>alta</span> <span class='ocrx_word' id='word_1_57' title='bbox 803 1655 849 1705; x_wconf 92' lang='lat' dir='ltr'>m.</span> <span class='ocrx_word' id='word_1_58' title='bbox 862 1636 991 1724; x_wconf 84' lang='lat'>0‚320.</span> <span class='ocrx_word' id='word_1_59' title='bbox 1011 1635 1082 1705; x_wconf 88' lang='lat' dir='ltr'>lata</span> <span class='ocrx_word' id='word_1_60' title='bbox 1092 1654 1136 1704; x_wconf 84' lang='lat' dir='ltr'>nr.</span> <span class='ocrx_word' id='word_1_61' title='bbox 1150 1636 1279 1724; x_wconf 85' lang='lat'>0,410.</span> <span class='ocrx_word' id='word_1_62' title='bbox 1300 1634 1440 1709; x_wconf 76' lang='lat' dir='ltr'>litterae</span> 
     </span>
     <span class='ocr_line' id='line_1_10' title="bbox 161 1760 468 1848; baseline -0.013 -18"><span class='ocrx_word' id='word_1_63' title='bbox 161 1761 252 1830; x_wconf 88' lang='lat' dir='ltr'>altae</span> <span class='ocrx_word' id='word_1_64' title='bbox 270 1780 316 1830; x_wconf 92' lang='lat' dir='ltr'>m.</span> <span class='ocrx_word' id='word_1_65' title='bbox 340 1760 468 1848; x_wconf 81' lang='lat'>0,045.</span> 
     </span>
    </p>
   </div>
   <div class='ocr_carea' id='block_1_5' title="bbox 275 1928 1319 2402">
    <p class='ocr_par' dir='ltr' id='par_1_5' title="bbox 347 1928 1279 2279">
     <span class='ocr_line' id='line_1_11' title="bbox 364 1928 1212 2032; baseline 0.001 -22"><span class='ocrx_word' id='word_1_66' title='bbox 364 1951 403 2032; x_wconf 87' lang='lat' dir='ltr'>p.</span> <span class='ocrx_word' id='word_1_67' title='bbox 423 1929 576 2010; x_wconf 88' lang='lat' dir='ltr'>mat...</span> <span class='ocrx_word' id='word_1_68' title='bbox 987 1928 1212 2011; x_wconf 80' lang='lat' dir='ltr'>RMat...</span> 
     </span>
     <span class='ocr_line' id='line_1_12' title="bbox 365 2046 1126 2160; baseline 0 -26"><span class='ocrx_word' id='word_1_69' title='bbox 365 2046 522 2160; x_wconf 86' lang='lat' dir='ltr'>aidil[is</span> <span class='ocrx_word' id='word_1_70' title='bbox 989 2051 1126 2134; x_wconf 76' lang='lat' dir='ltr'>eadelm</span> 
     </span>
     <span class='ocr_line' id='line_1_13' title="bbox 347 2165 1279 2279; baseline 0 -24"><span class='ocrx_word' id='word_1_71' title='bbox 347 2165 655 2279; x_wconf 76' lang='lat' dir='ltr'>teramnatt[ens</span> <span class='ocrx_word' id='word_1_72' title='bbox 989 2175 1279 2257; x_wconf 61' lang='lat' dir='ltr'>damanaverunt</span> 
     </span>
    </p>

    <p class='ocr_par' dir='ltr' id='par_1_6' title="bbox 275 2288 1319 2402">
     <span class='ocr_line' id='line_1_14' title="bbox 275 2288 1319 2402; baseline 0.001 -25"><span class='ocrx_word' id='word_1_73' title='bbox 275 2353 284 2377; x_wconf 86' lang='lat'><strong>.</strong></span> <span class='ocrx_word' id='word_1_74' title='bbox 306 2351 316 2378; x_wconf 85' lang='lat'><strong>.</strong></span> <span class='ocrx_word' id='word_1_75' title='bbox 337 2353 346 2376; x_wconf 91' lang='lat'><strong>.</strong></span> <span class='ocrx_word' id='word_1_76' title='bbox 366 2314 478 2376; x_wconf 80' lang='lat' dir='ltr'>mens</span> <span class='ocrx_word' id='word_1_77' title='bbox 496 2297 580 2376; x_wconf 80' lang='lat' dir='ltr'>riu.</span> <span class='ocrx_word' id='word_1_78' title='bbox 598 2294 679 2394; x_wconf 82' lang='lat' dir='ltr'>pat.</span> <span class='ocrx_word' id='word_1_79' title='bbox 702 2348 711 2373; x_wconf 85' lang='lat'><strong>.</strong></span> <span class='ocrx_word' id='word_1_80' title='bbox 733 2351 741 2374; x_wconf 90' lang='lat'><strong>.</strong></span> <span class='ocrx_word' id='word_1_81' title='bbox 968 2297 1085 2377; x_wconf 78' lang='lat' dir='ltr'>-raat</span> <span class='ocrx_word' id='word_1_82' title='bbox 1101 2288 1164 2379; x_wconf 72' lang='lat' dir='ltr'>aad</span> <span class='ocrx_word' id='word_1_83' title='bbox 1173 2297 1258 2402; x_wconf 78' lang='lat' dir='ltr'>pat.</span> <span class='ocrx_word' id='word_1_84' title='bbox 1279 2357 1288 2378; x_wconf 89' lang='lat'><strong>.</strong></span> <span class='ocrx_word' id='word_1_85' title='bbox 1310 2357 1319 2378; x_wconf 89' lang='lat'><strong>.</strong></span> 
     </span>
    </p>
   </div>
   <div class='ocr_carea' id='block_1_6' title="bbox 163 2481 1443 3324">
    <p class='ocr_par' dir='ltr' id='par_1_7' title="bbox 163 2481 1443 3324">
     <span class='ocr_line' id='line_1_15' title="bbox 216 2481 1440 2584; baseline 0.001 -19"><span class='ocrx_word' id='word_1_86' title='bbox 216 2494 302 2566; x_wconf 88' lang='lat' dir='ltr'>Tab.</span> <span class='ocrx_word' id='word_1_87' title='bbox 322 2493 412 2566; x_wconf 89' lang='lat' dir='ltr'>XIII</span> <span class='ocrx_word' id='word_1_88' title='bbox 430 2514 466 2564; x_wconf 95' lang='lat' dir='ltr'>n.</span> <span class='ocrx_word' id='word_1_89' title='bbox 489 2497 510 2564; x_wconf 89' lang='grc'><strong>9</strong></span> <span class='ocrx_word' id='word_1_90' title='bbox 534 2493 578 2564; x_wconf 90' lang='lat' dir='ltr'>ad</span> <span class='ocrx_word' id='word_1_91' title='bbox 598 2493 758 2583; x_wconf 85' lang='lat' dir='ltr'>lapidem.</span> <span class='ocrx_word' id='word_1_92' title='bbox 783 2492 982 2584; x_wconf 83' lang='lat' dir='ltr'>Ediderunt</span> <span class='ocrx_word' id='word_1_93' title='bbox 998 2493 1171 2584; x_wconf 91' lang='lat' dir='ltr'>Lepsius</span> <span class='ocrx_word' id='word_1_94' title='bbox 1188 2496 1298 2566; x_wconf 83' lang='lat' dir='ltr'>Inser.</span> <span class='ocrx_word' id='word_1_95' title='bbox 1319 2481 1440 2567; x_wconf 88' lang='lat' dir='ltr'>Umbr.</span> 
     </span>
     <span class='ocr_line' id='line_1_16' title="bbox 164 2614 1440 2707; baseline -0.002 -17"><span class='ocrx_word' id='word_1_96' title='bbox 164 2625 200 2690; x_wconf 90' lang='lat' dir='ltr'>et</span> <span class='ocrx_word' id='word_1_97' title='bbox 219 2617 298 2690; x_wconf 88' lang='lat' dir='ltr'>Osc.</span> <span class='ocrx_word' id='word_1_98' title='bbox 324 2639 359 2707; x_wconf 89' lang='lat' dir='ltr'>p.</span> <span class='ocrx_word' id='word_1_99' title='bbox 382 2621 431 2689; x_wconf 81' lang='lat'>70</span> <span class='ocrx_word' id='word_1_100' title='bbox 451 2615 523 2687; x_wconf 87' lang='lat' dir='ltr'>tab.</span> <span class='ocrx_word' id='word_1_101' title='bbox 545 2614 668 2687; x_wconf 85' lang='lat' dir='ltr'>XXIII</span> <span class='ocrx_word' id='word_1_102' title='bbox 687 2637 720 2685; x_wconf 90' lang='lat' dir='ltr'>n.</span> <span class='ocrx_word' id='word_1_103' title='bbox 746 2617 806 2706; x_wconf 88' lang='lat'>16,</span> <span class='ocrx_word' id='word_1_104' title='bbox 835 2615 1057 2702; x_wconf 86' lang='lat' dir='ltr'>Mommsen</span> <span class='ocrx_word' id='word_1_105' title='bbox 1086 2615 1169 2688; x_wconf 90' lang='lat' dir='ltr'>Unt.</span> <span class='ocrx_word' id='word_1_106' title='bbox 1194 2615 1288 2689; x_wconf 87' lang='lat' dir='ltr'>Dial.</span> <span class='ocrx_word' id='word_1_107' title='bbox 1308 2637 1343 2707; x_wconf 93' lang='lat' dir='ltr'>p.</span> <span class='ocrx_word' id='word_1_108' title='bbox 1369 2621 1440 2690; x_wconf 87' lang='lat'>182</span> 
     </span>
     <span class='ocr_line' id='line_1_17' title="bbox 163 2738 1443 2830; baseline -0.001 -17"><span class='ocrx_word' id='word_1_109' title='bbox 163 2741 289 2814; x_wconf 88' lang='lat' dir='ltr'>tab.X</span> <span class='ocrx_word' id='word_1_110' title='bbox 318 2763 350 2812; x_wconf 93' lang='lat' dir='ltr'>n.</span> <span class='ocrx_word' id='word_1_111' title='bbox 373 2743 436 2830; x_wconf 82' lang='lat'>23,</span> <span class='ocrx_word' id='word_1_112' title='bbox 465 2738 664 2812; x_wconf 81' lang='lat' dir='ltr'>Garrucci</span> <span class='ocrx_word' id='word_1_113' title='bbox 693 2738 784 2809; x_wconf 93' lang='lat' dir='ltr'>Bull.</span> <span class='ocrx_word' id='word_1_114' title='bbox 814 2741 912 2811; x_wconf 88' lang='lat' dir='ltr'>arch.</span> <span class='ocrx_word' id='word_1_115' title='bbox 941 2761 1021 2830; x_wconf 92' lang='lat' dir='ltr'>nap.</span> <span class='ocrx_word' id='word_1_116' title='bbox 1051 2761 1084 2811; x_wconf 93' lang='lat' dir='ltr'>n.</span> <span class='ocrx_word' id='word_1_117' title='bbox 1105 2762 1134 2811; x_wconf 89' lang='lat' dir='ltr'>s.</span> <span class='ocrx_word' id='word_1_118' title='bbox 1163 2739 1179 2810; x_wconf 95' lang='lat' dir='ltr'>l</span> <span class='ocrx_word' id='word_1_119' title='bbox 1207 2760 1241 2830; x_wconf 92' lang='lat' dir='ltr'>p.</span> <span class='ocrx_word' id='word_1_120' title='bbox 1265 2743 1327 2829; x_wconf 87' lang='lat'>84,</span> <span class='ocrx_word' id='word_1_121' title='bbox 1348 2741 1443 2812; x_wconf 87' lang='lat' dir='ltr'>Fie-</span> 
     </span>
     <span class='ocr_line' id='line_1_18' title="bbox 164 2860 1442 2952; baseline -0.002 -16"><span class='ocrx_word' id='word_1_122' title='bbox 164 2865 259 2937; x_wconf 89' lang='lat' dir='ltr'>relli</span> <span class='ocrx_word' id='word_1_123' title='bbox 288 2865 443 2936; x_wconf 89' lang='lat' dir='ltr'>Menum.</span> <span class='ocrx_word' id='word_1_124' title='bbox 475 2864 584 2952; x_wconf 83' lang='lat' dir='ltr'>epigr.</span> <span class='ocrx_word' id='word_1_125' title='bbox 600 2862 733 2952; x_wconf 82' lang='lat' dir='ltr'>Pomp.</span> <span class='ocrx_word' id='word_1_126' title='bbox 756 2862 824 2952; x_wconf 95' lang='lat' dir='ltr'>lp.</span> <span class='ocrx_word' id='word_1_127' title='bbox 847 2866 869 2934; x_wconf 82' lang='lat'>8</span> <span class='ocrx_word' id='word_1_128' title='bbox 890 2864 962 2934; x_wconf 88' lang='lat' dir='ltr'>tab.</span> <span class='ocrx_word' id='word_1_129' title='bbox 984 2863 1038 2933; x_wconf 92' lang='lat' dir='ltr'>III</span> <span class='ocrx_word' id='word_1_130' title='bbox 1054 2884 1086 2934; x_wconf 92' lang='lat' dir='ltr'>n.</span> <span class='ocrx_word' id='word_1_131' title='bbox 1111 2867 1131 2935; x_wconf 88' lang='lat'><strong>2</strong></span> <span class='ocrx_word' id='word_1_132' title='bbox 1153 2860 1230 2934; x_wconf 82' lang='lat' dir='ltr'>Cat.</span> <span class='ocrx_word' id='word_1_133' title='bbox 1259 2884 1346 2937; x_wconf 73' lang='lat' dir='ltr'>mus.</span> <span class='ocrx_word' id='word_1_134' title='bbox 1366 2883 1442 2935; x_wconf 84' lang='lat' dir='ltr'>naz.</span> 
     </span>
     <span class='ocr_line' id='line_1_19' title="bbox 164 2985 1443 3078; baseline -0.001 -18"><span class='ocrx_word' id='word_1_135' title='bbox 164 2990 200 3060; x_wconf 90' lang='lat' dir='ltr'>di</span> <span class='ocrx_word' id='word_1_136' title='bbox 218 2988 309 3078; x_wconf 88' lang='lat' dir='ltr'>Nap.</span> <span class='ocrx_word' id='word_1_137' title='bbox 329 3008 422 3060; x_wconf 84' lang='lat' dir='ltr'>racc.</span> <span class='ocrx_word' id='word_1_138' title='bbox 443 2987 553 3076; x_wconf 83' lang='lat' dir='ltr'>epigr.</span> <span class='ocrx_word' id='word_1_139' title='bbox 571 2985 587 3056; x_wconf 95' lang='lat' dir='ltr'>l</span> <span class='ocrx_word' id='word_1_140' title='bbox 606 3007 641 3075; x_wconf 92' lang='lat' dir='ltr'>p.</span> <span class='ocrx_word' id='word_1_141' title='bbox 665 2988 712 3057; x_wconf 86' lang='grc'>38</span> <span class='ocrx_word' id='word_1_142' title='bbox 733 3007 767 3058; x_wconf 90' lang='lat' dir='ltr'>n.</span> <span class='ocrx_word' id='word_1_143' title='bbox 791 2990 877 3059; x_wconf 81' lang='grc'><strong>147.</strong></span> <span class='ocrx_word' id='word_1_144' title='bbox 897 2986 1130 3077; x_wconf 89' lang='lat' dir='ltr'>Repetierunt</span> <span class='ocrx_word' id='word_1_145' title='bbox 1148 2985 1340 3059; x_wconf 84' lang='lat' dir='ltr'>Huschke</span> <span class='ocrx_word' id='word_1_146' title='bbox 1359 2985 1443 3059; x_wconf 87' lang='lat' dir='ltr'>Osk.</span> 
     </span>
     <span class='ocr_line' id='line_1_20' title="bbox 164 3108 1442 3200; baseline 0.002 -18"><span class='ocrx_word' id='word_1_147' title='bbox 164 3133 199 3182; x_wconf 90' lang='lat' dir='ltr'>u.</span> <span class='ocrx_word' id='word_1_148' title='bbox 230 3109 311 3182; x_wconf 87' lang='lat' dir='ltr'>Sab.</span> <span class='ocrx_word' id='word_1_149' title='bbox 342 3109 618 3200; x_wconf 80' lang='lat' dir='ltr'>Spraehdenlrm.</span> <span class='ocrx_word' id='word_1_150' title='bbox 648 3130 684 3199; x_wconf 91' lang='lat' dir='ltr'>p.</span> <span class='ocrx_word' id='word_1_151' title='bbox 714 3111 787 3180; x_wconf 84' lang='lat'>175</span> <span class='ocrx_word' id='word_1_152' title='bbox 817 3131 851 3181; x_wconf 91' lang='lat' dir='ltr'>n.</span> <span class='ocrx_word' id='word_1_153' title='bbox 880 3108 1013 3200; x_wconf 87' lang='lat' dir='ltr'>XLVI,</span> <span class='ocrx_word' id='word_1_154' title='bbox 1051 3109 1240 3182; x_wconf 84' lang='lat' dir='ltr'>Fabretti</span> <span class='ocrx_word' id='word_1_155' title='bbox 1270 3110 1309 3182; x_wconf 83' lang='lat' dir='ltr'>O.</span> <span class='ocrx_word' id='word_1_156' title='bbox 1339 3113 1367 3183; x_wconf 89' lang='lat'>1.</span> <span class='ocrx_word' id='word_1_157' title='bbox 1397 3113 1442 3184; x_wconf 92' lang='lat' dir='ltr'>It.</span> 
     </span>
     <span class='ocr_line' id='line_1_21' title="bbox 164 3231 1311 3324; baseline 0.002 -19"><span class='ocrx_word' id='word_1_158' title='bbox 164 3257 198 3307; x_wconf 92' lang='lat' dir='ltr'>n.</span> <span class='ocrx_word' id='word_1_159' title='bbox 221 3237 323 3307; x_wconf 84' lang='lat'>2790</span> <span class='ocrx_word' id='word_1_160' title='bbox 343 3234 415 3306; x_wconf 91' lang='lat' dir='ltr'>tab.</span> <span class='ocrx_word' id='word_1_161' title='bbox 436 3233 496 3323; x_wconf 89' lang='lat' dir='ltr'>LI,</span> <span class='ocrx_word' id='word_1_162' title='bbox 517 3233 693 3304; x_wconf 85' lang='lat' dir='ltr'>Enderis</span> <span class='ocrx_word' id='word_1_163' title='bbox 712 3233 752 3304; x_wconf 87' lang='lat' dir='ltr'>F.</span> <span class='ocrx_word' id='word_1_164' title='bbox 776 3232 808 3304; x_wconf 93' lang='lat' dir='ltr'>d.</span> <span class='ocrx_word' id='word_1_165' title='bbox 831 3231 913 3306; x_wconf 88' lang='lat' dir='ltr'>Osk.</span> <span class='ocrx_word' id='word_1_166' title='bbox 936 3232 1014 3324; x_wconf 87' lang='lat' dir='ltr'>Spr.</span> <span class='ocrx_word' id='word_1_167' title='bbox 1044 3254 1078 3324; x_wconf 93' lang='lat' dir='ltr'>p.</span> <span class='ocrx_word' id='word_1_168' title='bbox 1105 3237 1205 3306; x_wconf 82' lang='lat'>1011.</span> <span class='ocrx_word' id='word_1_169' title='bbox 1231 3233 1311 3307; x_wconf 90' lang='lat' dir='ltr'>XV.</span> 
     </span>
    </p>
   </div>
   <div class='ocr_carea' id='block_1_7' title="bbox 164 3542 1446 4134">
    <p class='ocr_par' dir='ltr' id='par_1_8' title="bbox 164 3542 1446 4134">
     <span class='ocr_line' id='line_1_22' title="bbox 217 3542 1444 3640; baseline 0 -17"><span class='ocrx_word' id='word_1_170' title='bbox 217 3542 281 3631; x_wconf 74' lang='lat'>74.</span> <span class='ocrx_word' id='word_1_171' title='bbox 311 3552 434 3623; x_wconf 88' lang='lat' dir='ltr'>Mensa</span> <span class='ocrx_word' id='word_1_172' title='bbox 453 3571 495 3620; x_wconf 82' lang='lat' dir='ltr'>ex</span> <span class='ocrx_word' id='word_1_173' title='bbox 512 3550 627 3640; x_wconf 91' lang='lat' dir='ltr'>lapide</span> <span class='ocrx_word' id='word_1_174' title='bbox 646 3550 817 3620; x_wconf 90' lang='lat' dir='ltr'>tiburtino</span> <span class='ocrx_word' id='word_1_175' title='bbox 838 3550 985 3640; x_wconf 84' lang='lat' dir='ltr'>oblonga</span> <span class='ocrx_word' id='word_1_176' title='bbox 1008 3571 1084 3621; x_wconf 91' lang='lat' dir='ltr'>cum</span> <span class='ocrx_word' id='word_1_177' title='bbox 1109 3572 1226 3622; x_wconf 88' lang='lat' dir='ltr'>novem</span> <span class='ocrx_word' id='word_1_178' title='bbox 1245 3552 1368 3623; x_wconf 85' lang='lat' dir='ltr'>loculis</span> <span class='ocrx_word' id='word_1_179' title='bbox 1388 3574 1444 3624; x_wconf 89' lang='lat' dir='ltr'>ro·</span> 
     </span>
     <span class='ocr_line' id='line_1_23' title="bbox 164 3675 1445 3766; baseline 0.002 -19"><span class='ocrx_word' id='word_1_180' title='bbox 164 3676 281 3748; x_wconf 88' lang='lat' dir='ltr'>tundis</span> <span class='ocrx_word' id='word_1_181' title='bbox 299 3675 423 3766; x_wconf 91' lang='lat' dir='ltr'>quibus</span> <span class='ocrx_word' id='word_1_182' title='bbox 443 3675 724 3764; x_wconf 80' lang='lat' dir='ltr'>exsequebantur</span> <span class='ocrx_word' id='word_1_183' title='bbox 752 3695 936 3746; x_wconf 86' lang='lat' dir='ltr'>mensurae</span> <span class='ocrx_word' id='word_1_184' title='bbox 954 3696 1071 3747; x_wconf 90' lang='lat' dir='ltr'>rerum</span> <span class='ocrx_word' id='word_1_185' title='bbox 1091 3676 1301 3766; x_wconf 88' lang='lat' dir='ltr'>liquidarum</span> <span class='ocrx_word' id='word_1_186' title='bbox 1320 3684 1356 3749; x_wconf 92' lang='lat' dir='ltr'>et</span> <span class='ocrx_word' id='word_1_187' title='bbox 1374 3679 1445 3749; x_wconf 92' lang='lat' dir='ltr'>ari-</span> 
     </span>
     <span class='ocr_line' id='line_1_24' title="bbox 166 3797 1446 3888; baseline 0.002 -18"><span class='ocrx_word' id='word_1_188' title='bbox 166 3800 300 3870; x_wconf 90' lang='lat' dir='ltr'>darum.</span> <span class='ocrx_word' id='word_1_189' title='bbox 340 3799 396 3869; x_wconf 90' lang='lat' dir='ltr'>Ad</span> <span class='ocrx_word' id='word_1_190' title='bbox 421 3800 574 3888; x_wconf 90' lang='lat' dir='ltr'>quinque</span> <span class='ocrx_word' id='word_1_191' title='bbox 593 3799 725 3870; x_wconf 85' lang='lat' dir='ltr'>loculos</span> <span class='ocrx_word' id='word_1_192' title='bbox 744 3799 803 3887; x_wconf 86' lang='lat' dir='ltr'>qui</span> <span class='ocrx_word' id='word_1_193' title='bbox 823 3800 858 3868; x_wconf 94' lang='lat' dir='ltr'>in</span> <span class='ocrx_word' id='word_1_194' title='bbox 878 3805 975 3888; x_wconf 91' lang='lat' dir='ltr'>parte</span> <span class='ocrx_word' id='word_1_195' title='bbox 994 3797 1134 3871; x_wconf 89' lang='lat' dir='ltr'>tabulae</span> <span class='ocrx_word' id='word_1_196' title='bbox 1151 3799 1266 3870; x_wconf 90' lang='lat' dir='ltr'>media</span> <span class='ocrx_word' id='word_1_197' title='bbox 1284 3805 1366 3871; x_wconf 92' lang='lat' dir='ltr'>sunt</span> <span class='ocrx_word' id='word_1_198' title='bbox 1384 3800 1446 3872; x_wconf 91' lang='lat' dir='ltr'>ad·</span> 
     </span>
     <span class='ocr_line' id='line_1_25' title="bbox 167 3921 1445 4015; baseline 0.002 -23"><span class='ocrx_word' id='word_1_199' title='bbox 167 3921 290 4011; x_wconf 88' lang='lat' dir='ltr'>scripti</span> <span class='ocrx_word' id='word_1_200' title='bbox 310 3927 412 3997; x_wconf 86' lang='lat' dir='ltr'>erant</span> <span class='ocrx_word' id='word_1_201' title='bbox 430 3921 526 3992; x_wconf 86' lang='lat' dir='ltr'>tituli</span> <span class='ocrx_word' id='word_1_202' title='bbox 545 3923 627 4010; x_wconf 84' lang='lat' dir='ltr'>osci,</span> <span class='ocrx_word' id='word_1_203' title='bbox 656 3921 716 4009; x_wconf 90' lang='lat' dir='ltr'>qui</span> <span class='ocrx_word' id='word_1_204' title='bbox 744 3929 864 4010; x_wconf 88' lang='lat' dir='ltr'>postea</span> <span class='ocrx_word' id='word_1_205' title='bbox 891 3921 955 3992; x_wconf 90' lang='lat' dir='ltr'>sub</span> <span class='ocrx_word' id='word_1_206' title='bbox 982 3922 1127 4011; x_wconf 86' lang='lat' dir='ltr'>imperio</span> <span class='ocrx_word' id='word_1_207' title='bbox 1146 3942 1288 3993; x_wconf 86' lang='lat' dir='ltr'>romane</span> <span class='ocrx_word' id='word_1_208' title='bbox 1307 3923 1445 4015; x_wconf 88' lang='lat' dir='ltr'>scalpro</span> 
     </span>
     <span class='ocr_line' id='line_1_26' title="bbox 165 4044 828 4134; baseline 0.003 -20"><span class='ocrx_word' id='word_1_209' title='bbox 165 4045 256 4116; x_wconf 88' lang='lat' dir='ltr'>erasi</span> <span class='ocrx_word' id='word_1_210' title='bbox 276 4049 368 4117; x_wconf 88' lang='lat' dir='ltr'>sunt.</span> <span class='ocrx_word' id='word_1_211' title='bbox 389 4044 528 4116; x_wconf 86' lang='lat' dir='ltr'>litterae</span> <span class='ocrx_word' id='word_1_212' title='bbox 548 4045 639 4117; x_wconf 86' lang='lat' dir='ltr'>altae</span> <span class='ocrx_word' id='word_1_213' title='bbox 658 4065 703 4115; x_wconf 92' lang='lat' dir='ltr'>m.</span> <span class='ocrx_word' id='word_1_214' title='bbox 726 4047 828 4134; x_wconf 85' lang='lat'>0,47.</span> 
     </span>
    </p>
   </div>
   <div class='ocr_carea' id='block_1_8' title="bbox 163 4238 1446 4433">
    <p class='ocr_par' dir='ltr' id='par_1_9' title="bbox 163 4238 1446 4433">
     <span class='ocr_line' id='line_1_27' title="bbox 219 4238 1446 4331; baseline 0.002 -24"><span class='ocrx_word' id='word_1_215' title='bbox 219 4258 240 4307; x_wconf 85' lang='lat' dir='ltr'>a</span> <span class='ocrx_word' id='word_1_216' title='bbox 269 4238 312 4309; x_wconf 91' lang='lat' dir='ltr'>ad</span> <span class='ocrx_word' id='word_1_217' title='bbox 341 4238 492 4310; x_wconf 83' lang='lat' dir='ltr'>loculum</span> <span class='ocrx_word' id='word_1_218' title='bbox 524 4241 581 4329; x_wconf 92' lang='lat' dir='ltr'>qui</span> <span class='ocrx_word' id='word_1_219' title='bbox 610 4260 631 4310; x_wconf 94' lang='lat' dir='ltr'>a</span> <span class='ocrx_word' id='word_1_220' title='bbox 659 4239 782 4310; x_wconf 86' lang='lat' dir='ltr'>dextra</span> <span class='ocrx_word' id='word_1_221' title='bbox 804 4239 937 4328; x_wconf 91' lang='lat' dir='ltr'>primus</span> <span class='ocrx_word' id='word_1_222' title='bbox 956 4243 1011 4308; x_wconf 91' lang='lat' dir='ltr'>est</span> <span class='ocrx_word' id='word_1_223' title='bbox 1029 4239 1116 4310; x_wconf 87' lang='lat' dir='ltr'>haee</span> <span class='ocrx_word' id='word_1_224' title='bbox 1135 4239 1282 4328; x_wconf 85' lang='lat' dir='ltr'>vestigia</span> <span class='ocrx_word' id='word_1_225' title='bbox 1299 4239 1446 4331; x_wconf 88' lang='lat' dir='ltr'>inserip-</span> 
     </span>
     <span class='ocr_line' id='line_1_28' title="bbox 163 4361 465 4433; baseline 0.007 -3"><span class='ocrx_word' id='word_1_226' title='bbox 163 4361 269 4432; x_wconf 81' lang='lat' dir='ltr'>tionIs</span> <span class='ocrx_word' id='word_1_227' title='bbox 286 4362 465 4433; x_wconf 87' lang='lat' dir='ltr'>videntur:</span> 
     </span>
    </p>
   </div>
   <div class='ocr_carea' id='block_1_9' title="bbox 713 4516 913 4600">
    <p class='ocr_par' dir='ltr' id='par_1_10' title="bbox 713 4516 913 4600">
     <span class='ocr_line' id='line_1_29' title="bbox 713 4516 913 4600; baseline 0 -1"><span class='ocrx_word' id='word_1_228' title='bbox 713 4516 913 4600; x_wconf 86' lang='lat' dir='ltr'>...ni...</span> 
     </span>
    </p>
   </div>
   <div class='ocr_carea' id='block_1_10' title="bbox 0 0 1772 5386">
    <p class='ocr_par' dir='ltr' id='par_1_11' title="bbox 0 0 1772 5386">
     <span class='ocr_line' id='line_1_30' title="bbox 0 0 1772 5386; baseline 0 0"><span class='ocrx_word' id='word_1_229' title='bbox 0 0 1772 5386; x_wconf 95' lang='lat' dir='ltr'> </span> 
     </span>
    </p>
   </div>
  </div>
 </body>
</html>
