3420 5378
814 278 1024 348 ..72-

334 477 423 565 133.
457 486 615 559 Litterae
642 487 789 578 graphio
816 487 946 559 incisae
974 488 1010 557 in
1037 485 1128 558 stela
1154 483 1292 558 tofacea
1319 484 1441 559 domus
1470 487 1565 560 sitae

280 611 317 682 in
353 609 552 683 Decumaao
587 610 717 682 madore
756 610 857 702 (Reg.
888 607 970 681 VII.
1004 611 1069 681 ina.
1099 608 1182 699 IV),
1218 629 1307 699 quae
1342 614 1481 700 spectat
1518 610 1565 682 ad

281 753 395 806 casam
413 731 469 806 del
486 734 620 806 Faaao.

333 1135 594 1209 Delineavimus
612 1139 649 1208 in
667 1137 739 1209 tab.
759 1136 862 1209 XVII
880 1158 914 1208 n.
937 1139 985 1208 33
997 1158 1030 1207 a.
1047 1134 1066 1205 d
1085 1135 1146 1208 sed
1172 1135 1264 1226 quod
1282 1133 1471 1208 dolendum
1491 1139 1563 1227 est,

278 1278 460 1330 numerum
488 1260 622 1351 domus,
650 1261 687 1331 in
714 1261 812 1332 euius
839 1261 972 1350 pariete
1000 1265 1143 1331 externo
1167 1259 1230 1330 has
1257 1248 1395 1330 litteraa'
1423 1258 1563 1329 inveni-

278 1401 368 1474 mus,
389 1379 586 1472 significare
605 1403 694 1455 nunc
714 1404 781 1456 non
800 1403 993 1473 possumus.

800 1782 1037 1859 SVRRIIN'II.

333 1982 421 2071 133.
450 1994 630 2085 Amphora
656 2015 768 2086 nuper
797 1998 939 2069 inventa
967 1998 1004 2068 in
1030 1996 1109 2070 Viro
1127 1996 1285 2087 Equam
1303 1995 1415 2067 vicimo
1433 2017 1456 2066 a
1476 1995 1561 2068 Sor·

278 2121 374 2186 reato
402 2137 491 2207 quae
519 2139 609 2190 nune
636 2117 671 2188 in
699 2138 817 2190 museo
845 2117 1074 2209 Neapolitano
1106 2124 1351 2208 conservatur,
1385 2117 1422 2188 in
1452 2136 1562 2190 ansae
1664 2170 1667 2176 .

279 2239 422 2312 dextrae
441 2245 542 2331 parte
562 2246 708 2314 externa
726 2242 834 2314 habet
852 2242 1012 2314 titulum:

495 2429 616 2512 papea
643 2408 728 2491 avii
1082 2408 1228 2516 Pepe'aa
1246 2405 1391 2517 rapas.

331 2590 417 2663 Tab.
438 2591 562 2664 XVIII
580 2614 613 2663 n.
628 2585 655 2663 Ι1
688 2592 732 2663 ad
759 2595 1036 2679 monumentum3
1066 2589 1207 2662 litterae
1234 2590 1328 2661 altae
1355 2610 1402 2662 m.
1424 2592 1557 2680 0‚024;

278 2733 321 2784 ex
338 2715 537 2805 apographo
553 2715 762 2788 Mommseni
776 2711 885 2786 edidit
905 2714 1083 2786 Corssen
1101 2714 1245 2803 Ephem.
1263 2713 1371 2804 epigr.
1383 2712 1418 2784 II
1432 2734 1466 2804 p.
1482 2716 1557 2786 182

278 2857 313 2909 ιι.
337 2839 398 2908 66.
713 2869 715 2873 ·

330 3106 418 3194 134.
448 3115 556 3207 Lapis
584 3116 740 3189 tofaceus
767 3137 856 3189 anno
879 3120 977 3190 1813
1002 3117 1038 3187 in
1058 3118 1183 3208 oppido
1203 3117 1364 3190 Sorreato
1383 3117 1558 3206 inventus⁷

276 3260 367 3312 nunc
395 3241 431 3310 in
459 3260 578 3313 museo
606 3241 845 3331 Neapolitano.
875 3240 965 3313 altus
992 3261 1039 3314 m.
1070 3242 1201 3329 0‚325.
1230 3240 1323 3312 latus
1352 3261 1397 3312 m.
1425 3242 1556 3329 0‚403.

276 3362 417 3436 IItterae
437 3363 528 3435 altae
545 3385 591 3434 m.
614 3366 743 3455 0‚080.

474 3541 724 3614 ΕΙ-ΡΙΝΕΙΣ
1010 3535 1197 3619 mamae
1214 3538 1300 3636 (aut
1328 3534 1467 3632 Vertite)

329 3718 413 3791 Tab.
434 3718 555 3791 XVIII
573 3741 607 3790 ιι.
631 3724 652 3790 2
673 3719 718 3791 ad
736 3718 898 3808 lapidem.
923 3717 1042 3789 Edidit
1060 3718 1250 3791 Avellino
1270 3718 1398 3809 Opusc.
1420 3719 1489 3791 div.
1501 3718 1556 3790 III

273 3863 307 3933 p.
333 3844 407 3913 113
427 3848 513 3931 not,
534 3843 625 3914 unde
643 3841 865 3933 Mommsen
883 3841 967 3914 Unt.
985 3842 1076 3912 DIal.
1096 3863 1131 3931 p.
1151 3844 1226 3914 190
1247 3864 1279 3913 ιι.
1297 3841 1462 3932 XXXIV,
1482 3827 1573 3913 Fa?

274 3963 404 4036 bretti
425 3962 506 4036 (1.1.
518 3965 565 4037 It.
584 3987 618 4035 ιι.
631 3967 746 4036 2827.
767 3963 1018 4036 cIHuschke
1038 3963 1262 4037 Osk.u.Sab.
1280 3963 1554 4055 Spraehdenkm.

275 4106 310 4177 p.
332 4087 407 4157 203
437 4107 471 4156 ιι.
492 4084 640 4179 XLVII,
670 4087 847 4160 Enderis
876 4089 915 4160 F.
946 4089 980 4161 d.
1010 4086 1095 4161 Osk.
1127 4087 1204 4178 Spr.
1234 4109 1267 4178 p.
1293 4091 1337 4159 11
1369 4110 1403 4159 n.
1424 4087 1504 4176 XX;
1533 4107 1556 4157 a

274 4209 364 4281 IuIIo
392 4209 435 4280 de
454 4209 561 4282 Petra
588 4212 698 4283 amico
726 4211 837 4283 adiuti
857 4213 1046 4284 correctius
1064 4212 1396 4302 repraesentandum
1415 4231 1478 4283 nos
1493 4230 1554 4282 cu-

275 4334 427 4406 ravimus
455 4335 490 4404 in
518 4332 639 4407 Giorn.
669 4335 763 4407 soavi
792 4335 828 4407 di
855 4335 976 4425 Pomp.
1008 4357 1041 4408 n.
1072 4356 1099 4407 s.
1129 4336 1183 4407 III
1211 4356 1244 4424 p.
1279 4338 1364 4407 156.

329 4530 562 4604 [ΙΡΙΝΕΙΣ
581 4531 739 4602 Avelline
759 4531 880 4602 aeteri.
