3420 5378
677 353 887 423 ..67-

143 562 242 633 rietis
266 561 493 633 occidentalis
517 562 653 631 externi
676 581 775 633 casae
798 560 854 633 cet
881 563 1003 635 Fooao
1038 562 1136 652 (Reg.
1156 562 1209 635 Vl
1235 565 1299 636 ins.
1325 565 1420 659 XII).

143 684 283 755 litterae
302 685 394 755 altae
413 706 458 754 m.
482 686 611 774 0‚100.
1397 701 1398 704 ’

362 854 650 956 ..nispuf...
1003 854 1289 940 mcbsobc'...

197 1034 282 1107 Tab.
302 1026 407 1108 XVII
427 1058 461 1108 n.
486 1039 532 1108 14
558 1037 600 1108 ad
620 1042 880 1108 monumentum
900 1036 1109 1109 delineatum
1127 1058 1245 1126 mense
1264 1036 1422 1129 Septem-

144 1158 200 1229 bri
218 1161 297 1229 anni
321 1163 433 1232 1875.

198 1367 289 1457 Quia
306 1370 373 1440 hoc
392 1371 429 1439 in
448 1370 583 1458 pariete
603 1370 692 1440 aliae
711 1369 850 1440 litterae
864 1374 904 1440 ut
922 1371 953 1439 ΓΙ
973 1369 1057 1459 (tab.
1073 1369 1179 1442 XVII
1196 1390 1306 1461 prope
1324 1393 1358 1443 n.
1371 1373 1421 1443 20

144 1499 181 1565 et
194 1495 256 1582 21)
274 1493 449 1584 videntur,
470 1493 568 1566 valde
584 1494 749 1583 dolemus,
771 1491 863 1580 quod
877 1512 940 1563 nos
955 1494 1069 1564 omnia
1082 1494 1280 1566 accuratius
1293 1494 1423 1567 descri-

142 1615 227 1685 bere
246 1636 287 1686 ac
307 1615 480 1687 delineare
498 1637 566 1687 non
586 1616 771 1705 potuimus.

197 1921 280 2008 119.
311 1931 572 2021 Monogramma
599 1931 747 2019 graphio
774 1934 955 2000 exaratum
974 1928 1009 1998 in
1028 1928 1162 2017 pariete
1181 1929 1343 2002 orientali
1362 1950 1421 2001 ex·

87 2084 89 2088 ⁸
143 2060 242 2126 terno
262 2075 364 2126 casae
382 2054 438 2125 del
457 2055 577 2126 Fauno
597 2055 697 2144 (Reg.
710 2052 761 2123 VI
779 2053 844 2124 ins.
857 2051 950 2141 XII).
962 2051 1102 2123 litterae
1121 2053 1214 2124 altae
1233 2073 1278 2122 m.
1292 2055 1420 2144 0‚040.

759 2245 810 2328 pa

194 2409 279 2481 Tab.
300 2409 405 2480 XVlI
433 2430 466 2479 n.
492 2412 537 2480 15
559 2409 808 2481 delineavimus
833 2429 951 2480 mense
976 2407 1173 2497 Septembri
1192 2409 1274 2479 anni
1305 2409 1419 2480 1875.

68 2519 73 2531 ’
145 2531 242 2620 Quae
261 2531 566 2622 monogrammatis
584 2518 698 2604 forma
715 2552 785 2602 non
814 2531 1060 2603 inveniebatur
1079 2531 1115 2602 in
1133 2531 1246 2604 titulis
1264 2532 1366 2604 oscis.

196 2838 286 2925 120.
307 2847 461 2936 Graphio
472 2848 677 2936 inscriptum
699 2847 734 2916 in
754 2847 889 2936 pariete
909 2846 1072 2917 orientali
1092 2851 1235 2918 externo
1249 2866 1349 2918 casae
1367 2846 1423 2918 del

144 2971 265 3042 Fauno
285 2972 385 3062 (Reg.
407 2970 458 3041 Vl
477 2972 540 3042 ins.
561 2970 659 3060 ΧΠ).
680 2970 819 3041 litterae
838 2970 929 3041 altae
949 2991 994 3039 m.
1017 2972 1147 3061 0,012.

345 3137 420 3222 dd?
438 3141 500 3242 pis
519 3141 581 3242 pis
972 3215 974 3220 .
1014 3144 1191 3246 pncqus.

198 3322 283 3392 Tab.
305 3322 410 3392 XVII
440 3344 472 3393 n.
497 3325 543 3391 16
578 3322 820 3392 delineandum
851 3323 1050 3392 curavimus
1078 3341 1196 3394 mense
1225 3321 1423 3412 Septembri

144 3446 224 3515 anni
248 3447 360 3532 18753
380 3447 493 3516 sintne
517 3443 580 3519 llll
598 3445 739 3516 litterae
759 3465 858 3515 oscae
877 3445 1061 3516 nescimus.

197 3752 279 3840 121.
310 3763 521 3851 Fragmenta
548 3760 818 3849 alphabetorum
833 3777 994 3830 oscorum
1012 3759 1159 3849 graphio
1178 3759 1423 3849 inscriptorum

145 3888 180 3956 in
199 3886 392 3977 parietibus
412 3904 511 3956 casae
529 3883 584 3954 del
602 3883 742 3954 Fauno:

198 4062 242 4133 A.
272 4064 307 4132 in
326 4062 460 4151 pariete
481 4060 623 4132 externo
644 4059 821 4130 orientali:

358 4210 748 4332 aabgdovnh
775 4272 889 4288 .....
916 4205 1283 4312 preturium
