<?xml version="1.0" encoding="UTF-8"?>
<!DOCTYPE html PUBLIC "-//W3C//DTD XHTML 1.0 Transitional//EN"
    "http://www.w3.org/TR/xhtml1/DTD/xhtml1-transitional.dtd">
<html xmlns="http://www.w3.org/1999/xhtml" xml:lang="en" lang="en">
 <head>
  <title>
</title>
<meta http-equiv="Content-Type" content="text/html;charset=utf-8" />
  <meta name='ocr-system' content='tesseract 3.04.00' />
  <meta name='ocr-capabilities' content='ocr_page ocr_carea ocr_par ocr_line ocrx_word'/>
</head>
<body>
  <div class='ocr_page' id='page_1' title='image "./syllogeinscript00tgoog_0089.png"; bbox 0 0 3420 5378; ppageno 0'>
   <div class='ocr_carea' id='block_1_1' title="bbox 827 304 1035 373">
    <p class='ocr_par' dir='ltr' id='par_1_1' title="bbox 827 304 1035 373">
     <span class='ocr_line' id='line_1_1' title="bbox 827 304 1035 373; baseline 0.005 -19"><span class='ocrx_word' id='word_1_1' title='bbox 827 304 1035 373; x_wconf 80' lang='lat'><strong>...70-</strong></span> 
     </span>
    </p>
   </div>
   <div class='ocr_carea' id='block_1_2' title="bbox 729 502 1136 608">
    <p class='ocr_par' dir='ltr' id='par_1_2' title="bbox 729 502 1136 608">
     <span class='ocr_line' id='line_1_2' title="bbox 729 502 1136 608; baseline 0 -20"><span class='ocrx_word' id='word_1_2' title='bbox 729 502 1136 608; x_wconf 78' lang='lat' dir='ltr'><strong>apt..a..n&#39;o?s</strong></span> 
     </span>
    </p>
   </div>
   <div class='ocr_carea' id='block_1_3' title="bbox 293 686 1574 1253">
    <p class='ocr_par' dir='ltr' id='par_1_3' title="bbox 293 686 1574 1253">
     <span class='ocr_line' id='line_1_3' title="bbox 346 686 1574 761; baseline 0.001 -3"><span class='ocrx_word' id='word_1_3' title='bbox 346 688 426 760; x_wconf 90' lang='lat' dir='ltr'><strong>Non</strong></span> <span class='ocrx_word' id='word_1_4' title='bbox 445 688 649 760; x_wconf 87' lang='lat' dir='ltr'><strong>invenimus.</strong></span> <span class='ocrx_word' id='word_1_5' title='bbox 670 686 756 759; x_wconf 84' lang='lat' dir='ltr'><strong>Tab.</strong></span> <span class='ocrx_word' id='word_1_6' title='bbox 769 688 915 761; x_wconf 91' lang='lat' dir='ltr'><strong>XVIIn.</strong></span> <span class='ocrx_word' id='word_1_7' title='bbox 928 692 976 760; x_wconf 95' lang='grc'><strong>28</strong></span> <span class='ocrx_word' id='word_1_8' title='bbox 992 688 1183 760; x_wconf 87' lang='lat' dir='ltr'><strong>secundum</strong></span> <span class='ocrx_word' id='word_1_9' title='bbox 1202 686 1395 759; x_wconf 85' lang='lat' dir='ltr'><strong>Fiorellii</strong></span> <span class='ocrx_word' id='word_1_10' title='bbox 1414 686 1574 759; x_wconf 92' lang='lat' dir='ltr'><strong>Monum.</strong></span> 
     </span>
     <span class='ocr_line' id='line_1_4' title="bbox 294 801 1574 901; baseline 0 -19"><span class='ocrx_word' id='word_1_11' title='bbox 294 811 405 901; x_wconf 85' lang='lat' dir='ltr'><strong>epigr.</strong></span> <span class='ocrx_word' id='word_1_12' title='bbox 424 811 544 901; x_wconf 87' lang='lat' dir='ltr'><strong>Pomp.</strong></span> <span class='ocrx_word' id='word_1_13' title='bbox 565 812 582 882; x_wconf 93' lang='lat' dir='ltr'><strong>I</strong></span> <span class='ocrx_word' id='word_1_14' title='bbox 600 811 673 882; x_wconf 88' lang='lat' dir='ltr'><strong>tab.</strong></span> <span class='ocrx_word' id='word_1_15' title='bbox 693 810 727 880; x_wconf 90' lang='lat' dir='ltr'>X</span> <span class='ocrx_word' id='word_1_16' title='bbox 745 832 778 882; x_wconf 89' lang='lat' dir='ltr'><strong>n.</strong></span> <span class='ocrx_word' id='word_1_17' title='bbox 802 814 837 883; x_wconf 89' lang='lat'><strong>7.</strong></span> <span class='ocrx_word' id='word_1_18' title='bbox 866 811 988 883; x_wconf 89' lang='lat' dir='ltr'><strong>Edidit</strong></span> <span class='ocrx_word' id='word_1_19' title='bbox 1016 810 1219 885; x_wconf 85' lang='lat' dir='ltr'><strong>Garrucei</strong></span> <span class='ocrx_word' id='word_1_20' title='bbox 1247 801 1305 882; x_wconf 82' lang='lat' dir='ltr'><strong>‘A.</strong></span> <span class='ocrx_word' id='word_1_21' title='bbox 1327 801 1503 882; x_wconf 82' lang='lat' dir='ltr'><strong>Ptlkrivs&#39;</strong></span> <span class='ocrx_word' id='word_1_22' title='bbox 1538 812 1574 882; x_wconf 92' lang='lat' dir='ltr'><strong>in</strong></span> 
     </span>
     <span class='ocr_line' id='line_1_5' title="bbox 293 924 1573 1024; baseline -0.002 -17"><span class='ocrx_word' id='word_1_23' title='bbox 293 935 441 1007; x_wconf 87' lang='lat' dir='ltr'><strong>Memor.</strong></span> <span class='ocrx_word' id='word_1_24' title='bbox 462 933 543 1005; x_wconf 87' lang='lat' dir='ltr'><strong>dell’</strong></span> <span class='ocrx_word' id='word_1_25' title='bbox 563 934 648 1010; x_wconf 88' lang='lat' dir='ltr'><strong>Acc.</strong></span> <span class='ocrx_word' id='word_1_26' title='bbox 669 933 786 1004; x_wconf 87' lang='lat' dir='ltr'><strong>Ereol.</strong></span> <span class='ocrx_word' id='word_1_27' title='bbox 809 933 879 1004; x_wconf 92' lang='lat' dir='ltr'><strong>VII</strong></span> <span class='ocrx_word' id='word_1_28' title='bbox 898 955 975 1024; x_wconf 88' lang='lat' dir='ltr'><strong>app.</strong></span> <span class='ocrx_word' id='word_1_29' title='bbox 1001 955 1034 1022; x_wconf 88' lang='lat' dir='ltr'><strong>p.</strong></span> <span class='ocrx_word' id='word_1_30' title='bbox 1054 939 1103 1004; x_wconf 82' lang='lat'><strong>24</strong></span> <span class='ocrx_word' id='word_1_31' title='bbox 1123 939 1159 1005; x_wconf 90' lang='lat' dir='ltr'><strong>et</strong></span> <span class='ocrx_word' id='word_1_32' title='bbox 1172 925 1231 1004; x_wconf 82' lang='lat' dir='ltr'><strong>‘A.</strong></span> <span class='ocrx_word' id='word_1_33' title='bbox 1251 924 1430 1005; x_wconf 88' lang='lat' dir='ltr'><strong>Pulkrins&#39;</strong></span> <span class='ocrx_word' id='word_1_34' title='bbox 1456 935 1492 1005; x_wconf 93' lang='lat' dir='ltr'><strong>in</strong></span> <span class='ocrx_word' id='word_1_35' title='bbox 1513 933 1573 1005; x_wconf 91' lang='lat' dir='ltr'><strong>In-</strong></span> 
     </span>
     <span class='ocr_line' id='line_1_6' title="bbox 294 1054 1573 1149; baseline -0.001 -19"><span class='ocrx_word' id='word_1_36' title='bbox 294 1058 479 1149; x_wconf 85' lang='lat' dir='ltr'><strong>scriptions</strong></span> <span class='ocrx_word' id='word_1_37' title='bbox 495 1058 643 1147; x_wconf 73' lang='lat' dir='ltr'><strong>grantes</strong></span> <span class='ocrx_word' id='word_1_38' title='bbox 660 1063 726 1129; x_wconf 89' lang='lat' dir='ltr'><strong>etc.</strong></span> <span class='ocrx_word' id='word_1_39' title='bbox 747 1077 780 1147; x_wconf 91' lang='lat' dir='ltr'><strong>p.</strong></span> <span class='ocrx_word' id='word_1_40' title='bbox 796 1060 845 1128; x_wconf 82' lang='lat'><strong>54</strong></span> <span class='ocrx_word' id='word_1_41' title='bbox 864 1057 937 1129; x_wconf 89' lang='lat' dir='ltr'><strong>tab.</strong></span> <span class='ocrx_word' id='word_1_42' title='bbox 958 1057 1078 1130; x_wconf 86' lang='lat' dir='ltr'><strong>XXVI</strong></span> <span class='ocrx_word' id='word_1_43' title='bbox 1096 1078 1130 1129; x_wconf 93' lang='lat' dir='ltr'><strong>n.</strong></span> <span class='ocrx_word' id='word_1_44' title='bbox 1145 1059 1179 1128; x_wconf 85' lang='lat'><strong>5.</strong></span> <span class='ocrx_word' id='word_1_45' title='bbox 1200 1054 1243 1129; x_wconf 89' lang='lat' dir='ltr'><strong>cf.</strong></span> <span class='ocrx_word' id='word_1_46' title='bbox 1264 1056 1457 1128; x_wconf 87' lang='lat' dir='ltr'><strong>Fabretti</strong></span> <span class='ocrx_word' id='word_1_47' title='bbox 1478 1056 1521 1129; x_wconf 83' lang='lat'><strong>0.</strong></span> <span class='ocrx_word' id='word_1_48' title='bbox 1543 1058 1573 1129; x_wconf 94' lang='lat' dir='ltr'><strong>I.</strong></span> 
     </span>
     <span class='ocr_line' id='line_1_7' title="bbox 296 1179 709 1253; baseline -0.005 -1"><span class='ocrx_word' id='word_1_49' title='bbox 296 1182 341 1252; x_wconf 91' lang='lat' dir='ltr'><strong>It.</strong></span> <span class='ocrx_word' id='word_1_50' title='bbox 362 1202 396 1252; x_wconf 93' lang='lat' dir='ltr'><strong>n.</strong></span> <span class='ocrx_word' id='word_1_51' title='bbox 419 1183 522 1253; x_wconf 88' lang='grc'><strong>2810</strong></span> <span class='ocrx_word' id='word_1_52' title='bbox 541 1180 613 1253; x_wconf 91' lang='lat' dir='ltr'><strong>tab.</strong></span> <span class='ocrx_word' id='word_1_53' title='bbox 633 1179 709 1252; x_wconf 88' lang='lat' dir='ltr'><strong>LII.</strong></span> 
     </span>
    </p>
   </div>
   <div class='ocr_carea' id='block_1_4' title="bbox 298 1483 1623 1836">
    <p class='ocr_par' dir='ltr' id='par_1_4' title="bbox 298 1483 1623 1836">
     <span class='ocr_line' id='line_1_8' title="bbox 349 1483 1623 1596; baseline -0.006 -27"><span class='ocrx_word' id='word_1_54' title='bbox 349 1483 440 1571; x_wconf 75' lang='grc'><strong>126.</strong></span> <span class='ocrx_word' id='word_1_55' title='bbox 477 1493 517 1564; x_wconf 92' lang='lat' dir='ltr'><strong>In</strong></span> <span class='ocrx_word' id='word_1_56' title='bbox 553 1494 687 1584; x_wconf 90' lang='lat' dir='ltr'><strong>pariete</strong></span> <span class='ocrx_word' id='word_1_57' title='bbox 724 1492 846 1565; x_wconf 88' lang='lat' dir='ltr'><strong>domus</strong></span> <span class='ocrx_word' id='word_1_58' title='bbox 881 1493 1111 1583; x_wconf 82' lang='lat' dir='ltr'><strong>Pompeianae</strong></span> <span class='ocrx_word' id='word_1_59' title='bbox 1149 1492 1327 1565; x_wconf 88' lang='lat' dir='ltr'><strong>cuiusdam</strong></span> <span class='ocrx_word' id='word_1_60' title='bbox 1362 1494 1580 1568; x_wconf 86' lang='lat' dir='ltr'><strong>Garrnccius</strong></span> <span class='ocrx_word' id='word_1_61' title='bbox 1621 1593 1623 1596; x_wconf 8' lang='lat' dir='ltr'>y</span> 
     </span>
     <span class='ocr_line' id='line_1_9' title="bbox 298 1616 485 1706; baseline -0.005 -17"><span class='ocrx_word' id='word_1_62' title='bbox 298 1617 382 1689; x_wconf 91' lang='lat' dir='ltr'><strong>olim</strong></span> <span class='ocrx_word' id='word_1_63' title='bbox 399 1616 485 1706; x_wconf 86' lang='lat' dir='ltr'><strong>legit</strong></span> 
     </span>
     <span class='ocr_line' id='line_1_10' title="bbox 754 1730 1102 1836; baseline -0.006 -20"><span class='ocrx_word' id='word_1_64' title='bbox 754 1739 799 1816; x_wconf 89' lang='lat' dir='ltr'><strong>ni</strong></span> <span class='ocrx_word' id='word_1_65' title='bbox 827 1796 860 1812; x_wconf 92' lang='lat'><strong>..</strong></span> <span class='ocrx_word' id='word_1_66' title='bbox 887 1730 1102 1836; x_wconf 82' lang='lat' dir='ltr'><strong>pinni...‘?</strong></span> 
     </span>
    </p>
   </div>
   <div class='ocr_carea' id='block_1_5' title="bbox 299 1927 1582 2145">
    <p class='ocr_par' dir='ltr' id='par_1_5' title="bbox 299 1927 1582 2145">
     <span class='ocr_line' id='line_1_11' title="bbox 353 1927 1580 2020; baseline 0.002 -19"><span class='ocrx_word' id='word_1_67' title='bbox 353 1928 445 2001; x_wconf 87' lang='lat' dir='ltr'><strong>Vide</strong></span> <span class='ocrx_word' id='word_1_68' title='bbox 463 1930 534 2002; x_wconf 89' lang='lat' dir='ltr'><strong>tab.</strong></span> <span class='ocrx_word' id='word_1_69' title='bbox 546 1929 696 2001; x_wconf 93' lang='lat' dir='ltr'><strong>XVIIn.</strong></span> <span class='ocrx_word' id='word_1_70' title='bbox 709 1933 771 2019; x_wconf 84' lang='lat'><strong>29,</strong></span> <span class='ocrx_word' id='word_1_71' title='bbox 792 1927 992 2001; x_wconf 83' lang='lat' dir='ltr'><strong>Garrueci</strong></span> <span class='ocrx_word' id='word_1_72' title='bbox 1011 1929 1467 2019; x_wconf 80' lang='lat' dir='ltr'><strong>Inscriptionsgraveesetc.</strong></span> <span class='ocrx_word' id='word_1_73' title='bbox 1479 1951 1514 2020; x_wconf 90' lang='lat' dir='ltr'><strong>p.</strong></span> <span class='ocrx_word' id='word_1_74' title='bbox 1529 1935 1580 2003; x_wconf 84' lang='lat'><strong>54</strong></span> 
     </span>
     <span class='ocr_line' id='line_1_12' title="bbox 299 2052 1582 2145; baseline 0.002 -20"><span class='ocrx_word' id='word_1_75' title='bbox 299 2053 370 2125; x_wconf 88' lang='lat' dir='ltr'><strong>tab.</strong></span> <span class='ocrx_word' id='word_1_76' title='bbox 391 2052 523 2124; x_wconf 83' lang='lat' dir='ltr'><strong>XXVI.</strong></span> <span class='ocrx_word' id='word_1_77' title='bbox 562 2055 636 2125; x_wconf 92' lang='lat' dir='ltr'><strong>Iam</strong></span> <span class='ocrx_word' id='word_1_78' title='bbox 655 2054 826 2124; x_wconf 85' lang='lat' dir='ltr'><strong>Fiorelii</strong></span> <span class='ocrx_word' id='word_1_79' title='bbox 845 2053 1005 2143; x_wconf 87' lang='lat' dir='ltr'><strong>nescivit,</strong></span> <span class='ocrx_word' id='word_1_80' title='bbox 1029 2052 1089 2125; x_wconf 89' lang='lat' dir='ltr'><strong>ubi</strong></span> <span class='ocrx_word' id='word_1_81' title='bbox 1109 2058 1225 2124; x_wconf 87' lang='lat' dir='ltr'><strong>essent</strong></span> <span class='ocrx_word' id='word_1_82' title='bbox 1243 2054 1308 2124; x_wconf 89' lang='lat' dir='ltr'><strong>hae</strong></span> <span class='ocrx_word' id='word_1_83' title='bbox 1327 2061 1364 2125; x_wconf 92' lang='lat' dir='ltr'><strong>et</strong></span> <span class='ocrx_word' id='word_1_84' title='bbox 1382 2054 1469 2126; x_wconf 87' lang='lat' dir='ltr'><strong>duae</strong></span> <span class='ocrx_word' id='word_1_85' title='bbox 1488 2075 1582 2145; x_wconf 82' lang='lat' dir='ltr'><strong>qnae</strong></span> 
     </span>
    </p>
   </div>
   <div class='ocr_carea' id='block_1_6' title="bbox 300 2175 1580 2387">
    <p class='ocr_par' dir='ltr' id='par_1_6' title="bbox 300 2175 1580 2387">
     <span class='ocr_line' id='line_1_13' title="bbox 300 2175 1580 2267; baseline 0.001 -19"><span class='ocrx_word' id='word_1_86' title='bbox 300 2181 491 2266; x_wconf 89' lang='lat' dir='ltr'><strong>sequnntur</strong></span> <span class='ocrx_word' id='word_1_87' title='bbox 514 2177 759 2267; x_wconf 86' lang='lat' dir='ltr'><strong>inscriptiones</strong></span> <span class='ocrx_word' id='word_1_88' title='bbox 778 2177 932 2248; x_wconf 89' lang='lat' dir='ltr'><strong>Monum.</strong></span> <span class='ocrx_word' id='word_1_89' title='bbox 953 2176 1063 2265; x_wconf 80' lang='lat' dir='ltr'><strong>epigr.</strong></span> <span class='ocrx_word' id='word_1_90' title='bbox 1084 2175 1204 2265; x_wconf 90' lang='lat' dir='ltr'><strong>Pomp.</strong></span> <span class='ocrx_word' id='word_1_91' title='bbox 1224 2176 1252 2248; x_wconf 96' lang='grc' dir='ltr'><strong>Ι.</strong></span> <span class='ocrx_word' id='word_1_92' title='bbox 1274 2198 1307 2267; x_wconf 94' lang='lat' dir='ltr'><strong>p.</strong></span> <span class='ocrx_word' id='word_1_93' title='bbox 1332 2180 1378 2248; x_wconf 93' lang='grc'><strong>12</strong></span> <span class='ocrx_word' id='word_1_94' title='bbox 1398 2178 1521 2251; x_wconf 91' lang='lat' dir='ltr'><strong>tab.X</strong></span> <span class='ocrx_word' id='word_1_95' title='bbox 1545 2200 1580 2250; x_wconf 91' lang='lat' dir='ltr'><strong>n.</strong></span> 
     </span>
     <span class='ocr_line' id='line_1_14' title="bbox 307 2295 1217 2387; baseline 0 -18"><span class='ocrx_word' id='word_1_96' title='bbox 307 2295 391 2387; x_wconf 63' lang='lat'><strong>131⁰.</strong></span> <span class='ocrx_word' id='word_1_97' title='bbox 414 2297 459 2371; x_wconf 91' lang='lat' dir='ltr'><strong>cf.</strong></span> <span class='ocrx_word' id='word_1_98' title='bbox 480 2299 673 2370; x_wconf 88' lang='lat' dir='ltr'><strong>Fabretti</strong></span> <span class='ocrx_word' id='word_1_99' title='bbox 693 2299 732 2371; x_wconf 85' lang='lat' dir='ltr'><strong>C.</strong></span> <span class='ocrx_word' id='word_1_100' title='bbox 754 2298 783 2369; x_wconf 95' lang='lat' dir='ltr'><strong>I.</strong></span> <span class='ocrx_word' id='word_1_101' title='bbox 804 2300 848 2372; x_wconf 94' lang='lat' dir='ltr'><strong>It.</strong></span> <span class='ocrx_word' id='word_1_102' title='bbox 869 2320 902 2369; x_wconf 89' lang='lat' dir='ltr'><strong>n.</strong></span> <span class='ocrx_word' id='word_1_103' title='bbox 925 2302 1026 2372; x_wconf 84' lang='lat'>2812</span> <span class='ocrx_word' id='word_1_104' title='bbox 1047 2298 1120 2370; x_wconf 90' lang='lat' dir='ltr'><strong>tab.</strong></span> <span class='ocrx_word' id='word_1_105' title='bbox 1140 2299 1217 2370; x_wconf 87' lang='lat' dir='ltr'><strong>LII.</strong></span> 
     </span>
    </p>
   </div>
   <div class='ocr_carea' id='block_1_7' title="bbox 355 2526 1055 2600">
    <p class='ocr_par' dir='ltr' id='par_1_7' title="bbox 355 2526 1055 2600">
     <span class='ocr_line' id='line_1_15' title="bbox 355 2526 1055 2600; baseline 0.001 -1"><span class='ocrx_word' id='word_1_106' title='bbox 355 2529 483 2599; x_wconf 87' lang='lat' dir='ltr'><strong>Forma</strong></span> <span class='ocrx_word' id='word_1_107' title='bbox 504 2529 528 2598; x_wconf 79' lang='grc'><strong>14</strong></span> <span class='ocrx_word' id='word_1_108' title='bbox 548 2528 687 2599; x_wconf 85' lang='lat' dir='ltr'><strong>litterae</strong></span> <span class='ocrx_word' id='word_1_109' title='bbox 707 2547 776 2598; x_wconf 94' lang='lat' dir='ltr'><strong>non</strong></span> <span class='ocrx_word' id='word_1_110' title='bbox 796 2536 849 2599; x_wconf 89' lang='lat' dir='ltr'><strong>est</strong></span> <span class='ocrx_word' id='word_1_111' title='bbox 868 2526 1055 2600; x_wconf 88' lang='lat' dir='ltr'><strong>ordinaria.</strong></span> 
     </span>
    </p>
   </div>
   <div class='ocr_carea' id='block_1_8' title="bbox 356 2832 1618 2934">
    <p class='ocr_par' dir='ltr' id='par_1_8' title="bbox 356 2832 1618 2934">
     <span class='ocr_line' id='line_1_16' title="bbox 356 2832 1618 2934; baseline 0.002 -16"><span class='ocrx_word' id='word_1_112' title='bbox 356 2832 444 2921; x_wconf 76' lang='grc'><strong>127.</strong></span> <span class='ocrx_word' id='word_1_113' title='bbox 482 2841 523 2911; x_wconf 92' lang='lat' dir='ltr'><strong>In</strong></span> <span class='ocrx_word' id='word_1_114' title='bbox 567 2843 701 2930; x_wconf 92' lang='lat' dir='ltr'><strong>pariete</strong></span> <span class='ocrx_word' id='word_1_115' title='bbox 747 2843 870 2914; x_wconf 88' lang='lat' dir='ltr'><strong>domus</strong></span> <span class='ocrx_word' id='word_1_116' title='bbox 915 2843 1146 2934; x_wconf 87' lang='lat' dir='ltr'><strong>Pompeianae</strong></span> <span class='ocrx_word' id='word_1_117' title='bbox 1192 2843 1387 2924; x_wconf 82' lang='lat' dir='ltr'><strong>cuiusdam</strong></span> <span class='ocrx_word' id='word_1_118' title='bbox 1408 2843 1618 2920; x_wconf 72' lang='lat' dir='ltr'><strong>Garrucci‘</strong></span> 
     </span>
    </p>
   </div>
   <div class='ocr_carea' id='block_1_9' title="bbox 201 2964 493 3055">
    <p class='ocr_par' dir='ltr' id='par_1_9' title="bbox 201 2964 493 3055">
     <span class='ocr_line' id='line_1_17' title="bbox 201 2964 493 3055; baseline -0.003 -19"><span class='ocrx_word' id='word_1_119' title='bbox 201 3005 204 3011; x_wconf 95' lang='lat'>-</span> <span class='ocrx_word' id='word_1_120' title='bbox 304 2964 388 3037; x_wconf 92' lang='lat' dir='ltr'><strong>olim</strong></span> <span class='ocrx_word' id='word_1_121' title='bbox 406 2965 493 3055; x_wconf 87' lang='lat' dir='ltr'><strong>legit</strong></span> 
     </span>
    </p>
   </div>
   <div class='ocr_carea' id='block_1_10' title="bbox 820 3039 1063 3166">
    <p class='ocr_par' dir='ltr' id='par_1_10' title="bbox 820 3039 1063 3166">
     <span class='ocr_line' id='line_1_18' title="bbox 820 3039 1063 3166; baseline 0 -2"><span class='ocrx_word' id='word_1_122' title='bbox 820 3039 1063 3166; x_wconf 71' lang='lat' dir='ltr'><strong>aaaron?</strong></span> 
     </span>
    </p>
   </div>
   <div class='ocr_carea' id='block_1_11' title="bbox 304 3279 1585 3756">
    <p class='ocr_par' dir='ltr' id='par_1_11' title="bbox 304 3279 1585 3756">
     <span class='ocr_line' id='line_1_19' title="bbox 358 3279 1583 3375; baseline 0.007 -25"><span class='ocrx_word' id='word_1_123' title='bbox 358 3280 444 3352; x_wconf 88' lang='lat' dir='ltr'><strong>Tab.</strong></span> <span class='ocrx_word' id='word_1_124' title='bbox 464 3280 569 3352; x_wconf 90' lang='lat' dir='ltr'><strong>XVII</strong></span> <span class='ocrx_word' id='word_1_125' title='bbox 588 3301 622 3352; x_wconf 93' lang='lat' dir='ltr'><strong>n.</strong></span> <span class='ocrx_word' id='word_1_126' title='bbox 645 3282 694 3352; x_wconf 94' lang='grc'><strong>30</strong></span> <span class='ocrx_word' id='word_1_127' title='bbox 715 3302 758 3352; x_wconf 85' lang='lat' dir='ltr'><strong>ex</strong></span> <span class='ocrx_word' id='word_1_128' title='bbox 777 3279 997 3353; x_wconf 85' lang='lat' dir='ltr'><strong>Garruecii</strong></span> <span class='ocrx_word' id='word_1_129' title='bbox 1025 3281 1253 3371; x_wconf 89' lang='lat' dir='ltr'><strong>Inscriptions</strong></span> <span class='ocrx_word' id='word_1_130' title='bbox 1284 3284 1430 3372; x_wconf 79' lang='lat' dir='ltr'><strong>gravees</strong></span> <span class='ocrx_word' id='word_1_131' title='bbox 1458 3289 1524 3356; x_wconf 90' lang='lat' dir='ltr'><strong>etc.</strong></span> <span class='ocrx_word' id='word_1_132' title='bbox 1547 3305 1583 3375; x_wconf 91' lang='lat' dir='ltr'><strong>p.</strong></span> 
     </span>
     <span class='ocr_line' id='line_1_20' title="bbox 309 3403 1585 3497; baseline 0.003 -21"><span class='ocrx_word' id='word_1_133' title='bbox 309 3407 357 3476; x_wconf 82' lang='lat'><strong>54</strong></span> <span class='ocrx_word' id='word_1_134' title='bbox 377 3404 449 3476; x_wconf 91' lang='lat' dir='ltr'><strong>tab.</strong></span> <span class='ocrx_word' id='word_1_135' title='bbox 465 3403 629 3476; x_wconf 93' lang='lat' dir='ltr'><strong>XXVIn.</strong></span> <span class='ocrx_word' id='word_1_136' title='bbox 644 3408 679 3493; x_wconf 85' lang='lat'><strong>3,</strong></span> <span class='ocrx_word' id='word_1_137' title='bbox 699 3426 803 3494; x_wconf 91' lang='lat' dir='ltr'><strong>quam</strong></span> <span class='ocrx_word' id='word_1_138' title='bbox 814 3405 1074 3494; x_wconf 85' lang='lat' dir='ltr'><strong>inscriptionem</strong></span> <span class='ocrx_word' id='word_1_139' title='bbox 1084 3407 1226 3495; x_wconf 90' lang='lat' dir='ltr'><strong>periisse</strong></span> <span class='ocrx_word' id='word_1_140' title='bbox 1236 3407 1305 3476; x_wconf 92' lang='lat' dir='ltr'><strong>iam</strong></span> <span class='ocrx_word' id='word_1_141' title='bbox 1324 3406 1500 3478; x_wconf 89' lang='lat' dir='ltr'><strong>Fioreili</strong></span> <span class='ocrx_word' id='word_1_142' title='bbox 1516 3427 1585 3497; x_wconf 88' lang='lat' dir='ltr'><strong>pu·</strong></span> 
     </span>
     <span class='ocr_line' id='line_1_21' title="bbox 304 3527 1585 3619; baseline 0.003 -21"><span class='ocrx_word' id='word_1_143' title='bbox 304 3529 394 3599; x_wconf 89' lang='lat' dir='ltr'><strong>tavit</strong></span> <span class='ocrx_word' id='word_1_144' title='bbox 413 3528 569 3599; x_wconf 93' lang='lat' dir='ltr'><strong>Monum.</strong></span> <span class='ocrx_word' id='word_1_145' title='bbox 592 3529 701 3619; x_wconf 84' lang='lat' dir='ltr'><strong>epigr.</strong></span> <span class='ocrx_word' id='word_1_146' title='bbox 724 3529 845 3618; x_wconf 90' lang='lat' dir='ltr'><strong>Pomp.</strong></span> <span class='ocrx_word' id='word_1_147' title='bbox 866 3528 893 3598; x_wconf 96' lang='lat' dir='ltr'><strong>I.</strong></span> <span class='ocrx_word' id='word_1_148' title='bbox 917 3549 949 3618; x_wconf 93' lang='lat' dir='ltr'><strong>p.</strong></span> <span class='ocrx_word' id='word_1_149' title='bbox 976 3533 1022 3599; x_wconf 93' lang='grc'><strong>12</strong></span> <span class='ocrx_word' id='word_1_150' title='bbox 1048 3528 1213 3600; x_wconf 88' lang='lat' dir='ltr'><strong>tab.Xn.</strong></span> <span class='ocrx_word' id='word_1_151' title='bbox 1231 3531 1275 3599; x_wconf 89' lang='grc'><strong>13</strong></span> <span class='ocrx_word' id='word_1_152' title='bbox 1290 3550 1317 3600; x_wconf 89' lang='lat' dir='ltr'><strong>c.</strong></span> <span class='ocrx_word' id='word_1_153' title='bbox 1335 3527 1585 3603; x_wconf 81' lang='lat' dir='ltr'><strong>ctFabretti</strong></span> 
     </span>
     <span class='ocr_line' id='line_1_22' title="bbox 307 3649 1500 3756; baseline 0.001 -34"><span class='ocrx_word' id='word_1_154' title='bbox 307 3650 345 3722; x_wconf 80' lang='lat'><strong>0.</strong></span> <span class='ocrx_word' id='word_1_155' title='bbox 367 3651 396 3721; x_wconf 94' lang='lat' dir='ltr'><strong>I.</strong></span> <span class='ocrx_word' id='word_1_156' title='bbox 416 3652 460 3724; x_wconf 91' lang='lat' dir='ltr'><strong>It.</strong></span> <span class='ocrx_word' id='word_1_157' title='bbox 479 3673 513 3741; x_wconf 88' lang='lat' dir='ltr'><strong>n.</strong></span> <span class='ocrx_word' id='word_1_158' title='bbox 536 3654 652 3739; x_wconf 89' lang='grc'><strong>2813,</strong></span> <span class='ocrx_word' id='word_1_159' title='bbox 673 3649 847 3722; x_wconf 81' lang='lat' dir='ltr'><strong>Oorssen</strong></span> <span class='ocrx_word' id='word_1_160' title='bbox 868 3651 1014 3740; x_wconf 78' lang='lat' dir='ltr'><strong>Ephem.</strong></span> <span class='ocrx_word' id='word_1_161' title='bbox 1035 3651 1146 3739; x_wconf 83' lang='lat' dir='ltr'><strong>epigr.</strong></span> <span class='ocrx_word' id='word_1_162' title='bbox 1166 3651 1202 3720; x_wconf 94' lang='grc' dir='ltr'><strong>ΙΙ</strong></span> <span class='ocrx_word' id='word_1_163' title='bbox 1229 3671 1263 3741; x_wconf 88' lang='lat' dir='ltr'><strong>p.</strong></span> <span class='ocrx_word' id='word_1_164' title='bbox 1289 3653 1361 3756; x_wconf 84' lang='grc'><strong>176</strong></span> <span class='ocrx_word' id='word_1_165' title='bbox 1382 3672 1417 3721; x_wconf 89' lang='lat' dir='ltr'><strong>n.</strong></span> <span class='ocrx_word' id='word_1_166' title='bbox 1438 3655 1500 3723; x_wconf 88' lang='grc'><strong>44.</strong></span> 
     </span>
    </p>
   </div>
   <div class='ocr_carea' id='block_1_12' title="bbox 308 3974 1586 4196">
    <p class='ocr_par' dir='ltr' id='par_1_12' title="bbox 308 3974 1586 4196">
     <span class='ocr_line' id='line_1_23' title="bbox 358 3974 1586 4075; baseline -0.002 -14"><span class='ocrx_word' id='word_1_167' title='bbox 358 3974 450 4061; x_wconf 77' lang='grc'><strong>128.</strong></span> <span class='ocrx_word' id='word_1_168' title='bbox 491 3985 531 4055; x_wconf 94' lang='lat' dir='ltr'><strong>In</strong></span> <span class='ocrx_word' id='word_1_169' title='bbox 575 3985 709 4075; x_wconf 87' lang='lat' dir='ltr'><strong>pariete</strong></span> <span class='ocrx_word' id='word_1_170' title='bbox 741 3983 877 4055; x_wconf 75' lang='lat' dir='ltr'><strong>domus</strong></span> <span class='ocrx_word' id='word_1_171' title='bbox 923 3983 1101 4055; x_wconf 87' lang='lat' dir='ltr'><strong>cuiusdam</strong></span> <span class='ocrx_word' id='word_1_172' title='bbox 1147 3981 1379 4074; x_wconf 86' lang='lat' dir='ltr'><strong>Pompeianae</strong></span> <span class='ocrx_word' id='word_1_173' title='bbox 1417 3983 1586 4058; x_wconf 86' lang='lat' dir='ltr'><strong>Garrneci</strong></span> 
     </span>
     <span class='ocr_line' id='line_1_24' title="bbox 308 4106 967 4196; baseline -0.002 -18"><span class='ocrx_word' id='word_1_174' title='bbox 308 4107 390 4178; x_wconf 88' lang='lat' dir='ltr'><strong>oiim</strong></span> <span class='ocrx_word' id='word_1_175' title='bbox 409 4106 495 4196; x_wconf 89' lang='lat' dir='ltr'><strong>legit</strong></span> <span class='ocrx_word' id='word_1_176' title='bbox 965 4126 967 4130; x_wconf 72' lang='grc'>’</span> 
     </span>
    </p>
   </div>
   <div class='ocr_carea' id='block_1_13' title="bbox 858 4218 1040 4323">
    <p class='ocr_par' dir='ltr' id='par_1_13' title="bbox 858 4218 1040 4323">
     <span class='ocr_line' id='line_1_25' title="bbox 858 4218 1040 4323; baseline -0.005 -19"><span class='ocrx_word' id='word_1_177' title='bbox 858 4218 1040 4323; x_wconf 85' lang='lat' dir='ltr'><strong>gnsmns‘?</strong></span> 
     </span>
    </p>
   </div>
   <div class='ocr_carea' id='block_1_14' title="bbox 309 4417 1587 4638">
    <p class='ocr_par' dir='ltr' id='par_1_14' title="bbox 309 4417 1587 4638">
     <span class='ocr_line' id='line_1_26' title="bbox 362 4417 1586 4516; baseline -0.002 -21"><span class='ocrx_word' id='word_1_178' title='bbox 362 4424 454 4495; x_wconf 90' lang='lat' dir='ltr'><strong>Vide</strong></span> <span class='ocrx_word' id='word_1_179' title='bbox 481 4424 554 4495; x_wconf 90' lang='lat' dir='ltr'><strong>tab.</strong></span> <span class='ocrx_word' id='word_1_180' title='bbox 584 4422 688 4495; x_wconf 86' lang='lat' dir='ltr'><strong>XVII</strong></span> <span class='ocrx_word' id='word_1_181' title='bbox 715 4444 748 4492; x_wconf 91' lang='lat' dir='ltr'><strong>n.</strong></span> <span class='ocrx_word' id='word_1_182' title='bbox 785 4425 847 4511; x_wconf 85' lang='lat'><strong>31,</strong></span> <span class='ocrx_word' id='word_1_183' title='bbox 877 4422 1078 4495; x_wconf 86' lang='lat' dir='ltr'><strong>Garrucci</strong></span> <span class='ocrx_word' id='word_1_184' title='bbox 1105 4422 1330 4513; x_wconf 84' lang='lat' dir='ltr'><strong>inscriptions</strong></span> <span class='ocrx_word' id='word_1_185' title='bbox 1348 4417 1495 4516; x_wconf 73' lang='lat' dir='ltr'><strong>grantes</strong></span> <span class='ocrx_word' id='word_1_186' title='bbox 1518 4427 1586 4494; x_wconf 89' lang='lat' dir='ltr'><strong>etc.</strong></span> 
     </span>
     <span class='ocr_line' id='line_1_27' title="bbox 309 4536 1587 4638; baseline -0.001 -19"><span class='ocrx_word' id='word_1_187' title='bbox 309 4569 343 4638; x_wconf 92' lang='lat' dir='ltr'><strong>p.</strong></span> <span class='ocrx_word' id='word_1_188' title='bbox 367 4550 432 4619; x_wconf 83' lang='lat'><strong>54:</strong></span> <span class='ocrx_word' id='word_1_189' title='bbox 447 4536 624 4620; x_wconf 77' lang='lat' dir='ltr'><strong>‘Cosmus&#39;</strong></span> <span class='ocrx_word' id='word_1_190' title='bbox 648 4545 719 4617; x_wconf 87' lang='lat' dir='ltr'><strong>tab.</strong></span> <span class='ocrx_word' id='word_1_191' title='bbox 740 4544 874 4616; x_wconf 89' lang='lat' dir='ltr'><strong>XXVI.</strong></span> <span class='ocrx_word' id='word_1_192' title='bbox 894 4567 928 4615; x_wconf 95' lang='lat' dir='ltr'><strong>n.</strong></span> <span class='ocrx_word' id='word_1_193' title='bbox 950 4549 983 4633; x_wconf 87' lang='lat'><strong>1,</strong></span> <span class='ocrx_word' id='word_1_194' title='bbox 1005 4546 1096 4617; x_wconf 88' lang='lat' dir='ltr'><strong>unde</strong></span> <span class='ocrx_word' id='word_1_195' title='bbox 1115 4545 1288 4616; x_wconf 90' lang='lat' dir='ltr'><strong>Fiorelii</strong></span> <span class='ocrx_word' id='word_1_196' title='bbox 1307 4545 1460 4617; x_wconf 86' lang='lat' dir='ltr'><strong>Manum.</strong></span> <span class='ocrx_word' id='word_1_197' title='bbox 1473 4545 1587 4636; x_wconf 86' lang='lat' dir='ltr'><strong>epigr.</strong></span> 
     </span>
    </p>
   </div>
   <div class='ocr_carea' id='block_1_15' title="bbox 0 0 1731 5378">
    <p class='ocr_par' dir='ltr' id='par_1_15' title="bbox 0 0 1731 5378">
     <span class='ocr_line' id='line_1_28' title="bbox 0 0 1731 5378; baseline 0 0"><span class='ocrx_word' id='word_1_198' title='bbox 0 0 1731 5378; x_wconf 95' lang='lat' dir='ltr'><strong> </strong></span> 
     </span>
    </p>
   </div>
  </div>
 </body>
</html>
