3510 5386
655 331 865 400 ..59-

171 554 204 605 v.
229 536 244 602 l
277 539 459 623 praeter]
479 537 635 608 litteram
654 538 768 609 omnia
786 543 1008 609 evanuerunt.
1033 557 1064 608 v.
1088 541 1109 607 2
1134 539 1230 610 inter
1247 529 1281 622 N,
1301 544 1337 610 et
1359 546 1389 617 8

119 662 173 729 est
191 658 340 747 spatium
360 660 395 728 in
410 680 477 748 quo
491 658 638 732 fortasse
660 663 669 732 Ι
691 661 809 732 littera
821 659 898 733 fuit.
912 660 1001 733 Cum
1027 669 1055 739 8
1080 670 1225 753 propter
1243 667 1395 738 colorem

119 781 407 853 obscurissimum
426 788 462 854 et
480 781 625 853 formam
644 784 844 873 angulatam
868 806 972 874 quam
989 787 1025 855 in
1044 788 1157 858 titulis
1175 788 1396 878 Pompeianis

118 905 223 996 pictis
239 926 307 975 non
323 905 472 977 vidimus
487 905 687 996 scrupulum
707 906 807 977 nobis
826 905 969 998 laceret,
993 914 1109 980 tamen
1129 931 1195 981 non
1214 932 1289 982 esse
1307 914 1395 984 ami·

119 1050 179 1102 cus
203 1029 377 1101 Antonius
401 1028 562 1119 Sngliano
586 1030 739 1102 litteram
763 1031 865 1102 aliam
889 1053 952 1121 per
974 1032 1157 1121 epistulam
1184 1031 1392 1108 adfirmavit.

110 1132 164 1227 'et
185 1153 400 1225 Glossarium
419 1173 446 1224 s.
467 1175 500 1225 v.
514 1142 659 1224 ‘atillis’.

173 1423 240 1512 94.
264 1432 513 1523 Fragmentum
531 1432 628 1504 tituli
646 1431 755 1503 rubro
774 1431 890 1503 colore
908 1432 994 1523 picti
1012 1433 1047 1503 in
1066 1433 1137 1522 pila
1155 1432 1289 1505 tofacea
1306 1435 1392 1526 Reg.

119 1556 191 1627 VII
210 1559 275 1628 ins.
294 1557 359 1647 IX,
387 1556 446 1627 lat.
468 1557 591 1627 orient.
613 1576 648 1629 n.
670 1556 837 1627 58-59.
858 1555 997 1627 litterae
1015 1556 1106 1628 altae
1125 1578 1169 1626 m.
1192 1559 1321 1647 0‚220.

668 1707 771 1790 aruit.
791 1706 847 1790 ni.

670 1891 678 1908 .
702 1851 802 1932 ugn

103 2030 110 2039 ·
173 2011 258 2082 Tab.
279 2011 384 2083 XVII
396 2015 437 2084 n.
458 2015 482 2082 4
501 2011 546 2084 ad
563 2011 724 2100 lapidem.
746 2004 833 2082 ‘rutz
854 2001 904 2081 ni'
927 2032 968 2082 ex
988 2011 1100 2103 effigie
1119 2034 1140 2084 a
1158 2013 1202 2086 R.
1223 2013 1394 2086 Schoenio

118 2134 212 2208 lacta
229 2135 340 2207 edidit
360 2134 536 2206 Oorssen
553 2134 701 2224 Ephem.
721 2135 842 2225 Epigr.
858 2134 896 2205 II
913 2155 946 2224 p.
968 2138 1039 2207 175
1060 2157 1095 2207 n.
1118 2139 1179 2210 36.

171 2351 204 2400 v.
228 2332 248 2400 2
269 2330 343 2400 fere
362 2329 477 2400 omnia
495 2328 644 2400 obseura
661 2333 697 2400 et
715 2329 859 2399 incerta.

172 2604 236 2691 95.
265 2564 400 2684 Titulus
425 2611 528 2683 rubro
555 2609 662 2682 colore
683 2609 814 2699 pietus,
847 2609 907 2699 qui
933 2607 1015 2680 olim
1041 2607 1210 2700 lepebolur
1235 2610 1273 2680 iu
1295 2609 1393 2682 douo

118 2737 298 2828 Pomponii
315 2737 407 2808 dioto
424 2735 463 2806 iu
473 2732 594 2826 pluteo
607 2732 788 2805 Mercurii.
807 2732 967 2823 Lepsios.

334 2953 341 2968 .
364 2909 517 2974 emens
535 2885 744 2997 meliissaii
764 2945 772 2962 .
791 2905 865 2965 .11.
883 2943 891 2962 .
911 2879 1182 2986 igipaarigtis‘?

617 3069 619 3074 -
714 3015 802 3092 llll?

633 3148 880 3235 Melissueus?

173 3336 283 3426 Quam
302 3335 560 3425 inscriptionem
581 3334 616 3404 in
631 3333 701 3404 tab.
713 3332 817 3404 XVII
836 3337 904 3403 nd
925 3331 1042 3403 nos'in
1062 3331 1149 3421 duos
1166 3350 1286 3401 versus
1304 3329 1393 3402 falso

119 3459 311 3532 divisimus.
339 3456 383 3528 cf.
404 3457 577 3547 Lepsios
595 3456 706 3526 Inser.
719 3453 839 3526 Umbr.
861 3460 897 3525 et
916 3453 995 3525 Oso.
1015 3452 1087 3523 tab.
1107 3451 1211 3522 XXII
1229 3474 1262 3524 n.
1276 3455 1390 3524 8-9.

119 3581 316 3654 Ediderunt
334 3580 548 3669 saepissime.
568 3578 648 3651 vide
666 3576 858 3648 Fabretti
877 3573 916 3647 O.
937 3575 967 3645 Ι.
986 3575 1030 3648 It.
1051 3595 1084 3644 n.
1099 3575 1213 3645 2805.

171 3851 238 3940 96.
268 3861 406 3933 Titulus
434 3860 542 3930 rubro
570 3860 685 3931 colore
712 3859 829 3947 pietus
856 3856 916 3945 qui
944 3854 1027 3926 olim
1053 3853 1236 3944 legebatur
1264 3855 1299 3924 in
1322 3852 1393 3944 pila

118 3983 251 4057 tofacea
270 3986 391 4055 domus
410 3981 576 4055 Medusae
595 3984 631 4054 in
649 3984 765 4072 platea
784 3980 965 4052 Mercurii.

186 4154 439 4237 maamiieise.
459 4153 687 4236 mefitaiiois
848 4148 1039 4233 Muluius?
1056 4146 1273 4257 illapidatur?

108 4337 111 4342 -
227 4277 385 4361 ...kin

171 4458 257 4531 Tab.
277 4459 383 4530 XVII
401 4481 434 4528 n.
458 4462 479 4530 6
505 4457 550 4529 ad
569 4458 744 4547 exemplar
763 4453 995 4528 Mommseni
1025 4453 1107 4524 Unt.
1129 4452 1220 4522 Dial.
1250 4449 1321 4521 tab.
1342 4449 1393 4520 XI

118 4605 152 4655 n.
176 4582 256 4691 3οῥ
283 4585 343 4673 qui
371 4585 469 4674 prius
493 4584 583 4653 hune
601 4581 740 4653 titulum
767 4579 924 4650 ediderat
946 4579 981 4648 in
1000 4576 1091 4647 Bull.
1112 4575 1206 4646 areli.
1227 4594 1306 4662 nap.
1327 4570 1391 4663 IV,
