3420 5378
850 293 1059 359 ...2-

315 506 484 591 punctum
504 489 661 591 supra‘u'
685 501 850 571 omissum
867 501 913 571 sit
933 506 968 571 et
987 502 1023 570 in
1042 498 1110 570 fine
1129 501 1290 571 vocabuli
1306 491 1485 573 ‘hereklei'
1506 508 1514 572 Ι
1533 502 1592 572 lit-

317 629 394 695 tera
412 646 477 714 pro
497 627 523 696 l·
543 626 686 705 tradita,
706 625 854 695 maxIme
865 624 1049 695 dolendum
1064 630 1129 714 est,
1149 626 1240 714 quod
1260 626 1347 714 lapis
1366 627 1451 716 ipse,
1473 630 1513 696 ut
1531 646 1592 696 no-

317 747 452 819 biscum
475 770 539 838 per
562 748 700 819 litteras
719 749 888 838 Iosephus
907 748 1049 820 Colucci
1077 769 1166 819 nuuc
1185 749 1367 820 Messanae
1396 747 1592 839 praefectus

316 873 594 960 communicavit,
614 873 681 942 iam
702 871 833 942 dudum
852 872 969 961 periit.

680 1304 1017 1433 lllllllllllllll
1103 1306 1226 1432 luto.

369 1547 408 1637 2.
428 1557 610 1629 Lammina
629 1578 730 1629 aerea
745 1560 780 1628 in
795 1557 861 1629 fine
877 1559 999 1631 dextro
1019 1557 1195 1648 perforata
1214 1559 1250 1628 iu
1266 1579 1350 1647 agro
1366 1559 1483 1648 oppidi
1496 1558 1593 1628 Lon·

317 1682 415 1754 riano
434 1683 587 1770 inventa,
618 1703 707 1753 nunc
726 1683 761 1752 in
780 1704 899 1753 museo
920 1683 1159 1772 Neapolitano.
1179 1683 1345 1773 longam.
1368 1686 1496 1772 0‚140.
1523 1682 1593 1753 alta

316 1831 361 1881 m.
385 1811 513 1899 0,036.
533 1808 672 1879 litterae
693 1808 784 1879 altae
802 1830 847 1878 m.
871 1811 1000 1897 0,008.

414 1977 858 2062 ueroiastluvkunuteis.
1061 1980 1259 2062 ouocntuta'e
1281 1978 1488 2062 lacoontos

428 2101 882 2205 aopasrkaiasrpalunul

370 2301 456 2374 Tab.
477 2303 494 2373 Ι
513 2325 546 2373 n.
572 2307 589 2373 1
612 2303 656 2373 ad
675 2303 899 2393 archetypum.
921 2303 1116 2374 Ediderunt
1134 2309 1212 2393 post
1232 2303 1473 2376 Guarinium
1490 2303 1594 2374 Com·

316 2427 547 2497 mentatIones
570 2426 657 2497 XIII
686 2447 721 2515 p.
744 2431 788 2496 21
822 2447 924 2515 quem
951 2426 1108 2499 libellum
1137 2449 1203 2498 non
1232 2427 1393 2516 vidimus
1422 2428 1593 2516 Lepsios

315 2551 423 2621 Inscr.
446 2550 548 2622 Umb.
569 2556 604 2620 et
624 2548 704 2621 Osc.
725 2551 798 2621 tub.
820 2550 975 2621 XXVIII
1004 2573 1037 2622 n.
1060 2555 1083 2621 4
1112 2552 1171 2640 qui
1199 2550 1324 2622 falsum
1352 2550 1494 2622 ticulum
1520 2571 1594 2621 esse

315 2674 467 2763 putavit,
487 2679 522 2744 et
541 2674 739 2744 accuratius
759 2674 978 2744 Mommsen
996 2674 1080 2746 Unt.
1100 2675 1190 2745 Dial.
1211 2696 1244 2765 p.
1270 2678 1343 2746 169
1364 2675 1436 2747 tub.
1450 2674 1539 2745 VIII
1557 2696 1592 2744 n.

321 2798 354 2885 l,
374 2818 416 2869 ex
436 2817 505 2887 quo
525 2797 717 2869 Huschke
737 2795 820 2868 Osk.
843 2819 877 2868 u.
899 2797 979 2869 Sab.
998 2798 1269 2888 Sprachdenkm.
1286 2820 1319 2889 p.
1338 2803 1413 2870 206
1430 2821 1464 2872 u.
1480 2798 1592 2888 LXX,

316 2921 506 2991 sabroni
537 2920 575 2991 o.
596 2921 624 2990 1.
646 2921 690 2991 u.
716 2942 748 2990 n.
771 2924 872 2993 asro
894 2921 963 2992 tau.
984 2921 1081 3010 nun,
1102 2923 1277 2993 nocens
1296 2922 1337 2993 s.
1360 2923 1392 2992 u.
1416 2920 1499 2993 osu.
1515 2920 1591 3010 spr.
1614 2896 1621 2911 ‘

316 3065 349 3134 p.
374 3047 420 3115 17
441 3064 473 3113 n.
495 3042 625 3114 XLVI.

371 3279 403 3328 v.
426 3245 613 3346 2‘palanu'
639 3297 687 3307 -
707 3256 902 3327 Mommsen
922 3257 1040 3328 ceteri.

370 3565 408 3651 3.
439 3577 557 3665 Imago
585 3575 677 3646 lovis
706 3595 809 3645 aerea
835 3593 923 3663 quae
951 3572 1211 3662 inscriptionem
1239 3572 1276 3641 in
1299 3578 1400 3661 parte
1426 3571 1594 3644 inferiore

317 3698 423 3770 habet
450 3699 486 3768 in
506 3699 623 3770 Ponto
641 3698 679 3768 dc'
697 3698 818 3769 Pcuuo
845 3717 954 3786 prope
981 3691 1082 3768 Vooto
1110 3696 1261 3786 iuventa,
1292 3717 1382 3766 nuuc
1410 3697 1444 3766 in
1473 3717 1594 3768 museo

318 3821 559 3913 Neapolitano.
572 3823 642 3893 ulta
653 3843 699 3892 m.
713 3824 842 3911 0‚047.
857 3821 931 3891 lata
946 3841 989 3890 m.
1003 3820 1283 3909 0,042.1itterae
1298 3820 1389 3890 altae
1404 3841 1448 3889 m.
1462 3822 1593 3910 0,010.

547 3991 677 4073 iureis
1222 3991 1324 4074 uoce

547 4113 717 4197 luvfrels
1222 4113 1335 4196 lclcrc'

373 4314 602 4388 Contulimus.
631 4315 754 4387 Tab.I
781 4335 814 4386 n.
836 4319 856 4384 2
888 4315 932 4385 ad
951 4314 1126 4404 exemplar
1153 4313 1466 4403 photographicum
1495 4312 1595 4384 uobis

316 4441 399 4511 Iulii
417 4441 461 4512 de
477 4439 583 4511 Petra
601 4439 757 4511 amicitia
776 4437 1029 4509 donomissum.
1051 4438 1250 4509 Ediderunt
1269 4437 1460 4508 Avellino
1480 4435 1595 4527 Cong-

317 4565 472 4636 hietture
491 4584 594 4652 sopra
611 4563 669 4633 un’
691 4563 871 4634 iscrizione
892 4562 1071 4635 sannitIca.
1093 4561 1239 4651 Neapoli
1255 4565 1348 4634 1841
1374 4582 1407 4650 p.
1426 4564 1447 4630 2
1468 4565 1540 4633 not.
1560 4563 1593 4651 1,
