3420 5378
669 331 879 401 ..pp-

188 531 252 616 43.
279 539 417 610 Titulus
442 539 550 611 rubro
571 540 689 612 colore
706 540 822 629 pictus
839 541 876 612 in
896 561 1001 631 opere
1019 542 1183 630 tectorio,
1211 562 1281 632 qno
1300 542 1411 614 lectus

135 663 350 734 mortuarins
368 663 550 735 decoratus
569 669 658 753 erat,
687 683 779 735 nunc
805 664 840 735 in
859 665 1101 754 promptuario
1120 665 1231 736 musei
1249 664 1413 756 Neapoli·

135 786 221 857 tani.
241 785 380 856 litterae
399 786 489 858 altae
508 808 554 857 m.
575 788 706 877 0,064.

206 954 339 1058 upsals
357 956 540 1040 salariisa
558 958 702 1041 minias
820 957 983 1066 Uprfalm
1002 958 1156 1044 Salaciae
1174 959 1368 1068 ddaai'f?

188 1160 342 1232 Textum.
364 1163 574 1251 sumpsimus
602 1182 645 1234 ex
673 1162 827 1272 editione
846 1163 928 1234 Iulii
946 1163 992 1255 de
1008 1163 1128 1255 Petra,
1153 1165 1213 1254 qui
1231 1162 1305 1236 fere
1323 1166 1414 1237 inte-

136 1303 235 1373 gram
254 1284 516 1374 inscriptionem
534 1285 681 1357 viderat.
712 1284 784 1356 Nos
803 1293 1046 1376 contraquam
1065 1307 1223 1359 mancam
1242 1289 1413 1359 inveneri·

136 1427 215 1477 mus
242 1412 375 1479 aestate
403 1410 605 1481 01111875
636 1428 679 1480 cx
705 1409 778 1482 tab.
799 1408 869 1481 VII
895 1432 929 1481 n.
952 1414 974 1482 2
995 1419 1152 1500 apparet.
1183 1412 1414 1500 Integriorem

137 1529 319 1601 invenerat
338 1529 488 1603 Oorssen
507 1552 596 1604 anno
619 1535 733 1606 1871.

191 1841 254 1923 44.
284 1848 325 1917 11
344 1866 447 1936 0ροτο
466 1848 617 1920 tectorio
635 1849 719 1921 lecti
739 1849 924 1920 mortuarii

683 2022 797 2108 kluv.
820 2083 829 2106 .
851 2084 860 2106 .

86 2411 88 2414 ,
191 2335 254 2420 45.
284 2345 325 2415 In
342 2344 433 2417 lecto
451 2345 575 2416 titulus
594 2345 710 2417 colore
730 2347 829 2436 nigro
850 2346 977 2435 pictus.

671 2516 767 2597 min.
786 2537 826 2598 u.
849 2573 857 2596 .
881 2573 890 2596 .

193 2693 288 2766 Haec
310 2696 378 2767 duo
397 2683 593 2785 fragmenta
611 2696 659 2786 (n.
680 2696 743 2768 41.
765 2698 830 2785 42)
850 2695 1011 2785 quoniam
1030 2693 1165 2766 frustra
1184 2695 1417 2784 quaesivimus

139 2817 174 2886 in
193 2819 320 2907 oppido
338 2819 373 2890 S.
387 2819 509 2890 Marta
526 2818 564 2889 di
585 2820 702 2910 Capua
716 2819 833 2890 Vetere
850 2824 984 2890 aestate
1004 2818 1085 2889 anni
1109 2821 1221 2906 1875,
1242 2817 1416 2890 credimus

140 2940 176 3011 id
204 2942 295 3030 quod
323 2942 422 3013 nobis
442 2947 557 3014 custos
576 2942 838 3032 Amphitheatri
858 2942 1024 3031 Campani
1053 2941 1251 3013 adfirmavit
1276 2948 1337 3013 aut
1355 2962 1416 3031 pe·

139 3064 240 3134 riisse
259 3085 300 3135 ea
317 3070 378 3136 aut
396 3067 431 3135 in
452 3065 612 3155 sepulcro
630 3066 759 3136 iterum
778 3085 870 3136 nuuc
890 3065 1013 3136 obruto
1033 3064 1224 3137 delituisse.

192 3373 255 3456 46.
284 3379 325 3449 11
344 3381 411 3451 alio
431 3381 585 3452 eiusdem
606 3401 765 3452 camerae
784 3382 875 3453 lecto

720 3577 772 3640 ll·
794 3614 804 3639 ι
825 3614 834 3639 0

194 3753 278 3825 Tab.
299 3753 370 3825 VII
399 3777 432 3825 n.
457 3760 490 3829 1.
513 3759 534 3826 2
563 3756 609 3827 ad
636 3762 907 3829 monumentum.
947 3754 1076 3827 Omnes
1102 3753 1225 3824 titulos
1252 3773 1417 3824 unacum

143 3879 390 3948 commentario
419 3884 456 3949 et
483 3878 596 3968 ampla
624 3880 776 3969 sepulcri
804 3879 1038 3968 descriptione
1066 3878 1177 3950 edidit
1205 3876 1337 3949 Iulius
1370 3876 1418 3947 de

143 3998 265 4071 Petra
284 4000 405 4072 Giom.
427 4003 521 4073 scavi
545 4003 580 4072 di
599 4002 719 4092 Pomp.
740 4025 773 4073 n.
796 4024 823 4074 0.
845 4003 862 4073 I
881 4023 915 4091 p.
938 4005 1121 4092 235001,
1152 4000 1277 4071 deinde
1296 4000 1418 4072 titulos

143 4143 175 4192 n.
198 4125 259 4194 39.
291 4127 340 4195 40
368 4125 535 4196 tractavit
564 4125 741 4198 Corssen
770 4126 941 4197 Zeitschr.
971 4123 995 4196 f.
1026 4125 1135 4217 vergl.
1166 4123 1322 4214 Sprachf.
1351 4123 1419 4193 XX

142 4265 175 4333 p.
199 4250 246 4316 99
267 4249 354 4336 sqqss,
379 4248 473 4319 idem
491 4269 561 4319 una
580 4271 657 4320 cum
677 4250 807 4321 ceteris
826 4248 1013 4320 secundum
1032 4249 1158 4320 Iulium
1177 4247 1220 4319 de
1235 4247 1343 4319 Petra
1361 4267 1418 4318 re·

143 4369 261 4457 petitis
289 4371 323 4440 in
342 4371 489 4459 Ephem.
510 4373 621 4462 epigr.
643 4372 679 4443 ΙΙ
705 4393 739 4462 p.
766 4376 837 4444 159
869 4393 919 4462 sq.
950 4375 1121 4444 1.2-8.
1152 4370 1194 4443 cf.
1225 4361 1417 4441 Fabretti

142 4490 249 4565 Prim.
270 4492 388 4585 Suppl.
408 4517 441 4565 n.
464 4496 687 4568 497-500.
